3684 4624
784 395 1089 510 ...staff

203 611 251 686 ab
287 609 400 684 omni
433 608 663 686 temeritatis
698 607 826 706 specie
862 605 984 683 libera
1017 609 1068 682 sit
1099 606 1186 704 ¹⁸⁰),
1221 631 1354 708 neque
1384 623 1454 686 aut
1487 611 1678 687 Boeotiae

203 754 385 830 moribus
411 769 481 832 aut
504 755 684 854 ipsarum
709 756 856 834 harum
881 753 1128 846 fabularum,
1155 757 1204 833 de
1230 759 1379 857 quibus
1406 783 1519 834 nime
1544 759 1677 859 loqui-

201 927 317 993 mur,
341 901 470 979 indoli
497 915 536 976 et
560 915 724 979 naturae
751 905 973 1002 quidquam
999 904 1043 976 in
1069 903 1138 980 illa
1161 927 1403 1004 repugnare,
1430 919 1471 980 et
1485 906 1675 982 Poenien-

202 1053 310 1128 sium
334 1050 518 1150 exemplo
541 1051 791 1149 comprobari
815 1065 962 1150 potest,
989 1075 1090 1148 quos
1109 1052 1253 1127 Libero
1279 1052 1378 1126 olim
1402 1076 1579 1151 puemm
1597 1055 1674 1130 im·

202 1203 373 1278 molasse
404 1201 577 1299 legimus
605 1203 694 1295 ¹⁵⁷),
725 1213 765 1276 et
797 1199 1126 1298 Thespiensium,
1163 1227 1265 1301 quos
1295 1205 1510 1280 Pausanias
1542 1220 1676 1282 narrat

202 1348 435 1450 aliquando,
466 1348 637 1423 dracone
663 1335 845 1444 ipsorum
877 1344 1021 1420 urbem
1051 1343 1269 1444 affligente,
1302 1345 1432 1444 jussos
1463 1369 1548 1423 esse
1578 1365 1678 1448 quot

201 1498 319 1578 annis
353 1496 645 1573 adolescentem
678 1504 783 1566 sorte
809 1490 976 1566 ductum
1003 1490 1161 1567 belluae
1187 1489 1374 1589 objicere,
1410 1492 1538 1566 donec
1564 1518 1676 1570 unus

202 1670 345 1724 eorum
376 1642 607 1719 machinam
641 1638 857 1726 invenerit,
898 1662 978 1736 qua
1013 1663 1151 1714 secum
1186 1639 1310 1714 simul
1341 1639 1460 1714 illum
1493 1642 1673 1740 perdide·

201 1799 254 1874 rit
278 1794 363 1892 ωε);
398 1792 508 1892 quod
541 1813 671 1889 quum
703 1787 882 1885 proxime
914 1786 997 1860 huc
1029 1785 1227 1884 pertinere
1261 1799 1300 1860 et
1332 1785 1485 1885 reliqua
1518 1785 1675 1866 fabulae

201 1942 424 2024 similitudo
457 1951 496 2016 et
526 1926 709 2014 locorum
740 1932 883 2008 vicinia
914 1931 1098 2019 suadeat,
1132 1952 1212 2028 qua
1239 1929 1433 2028 Thespiae
1458 1933 1607 2030 pariter
1630 1957 1674 2012 ac

202 2092 363 2168 Thebae
388 2115 483 2165 cnm
510 2086 703 2186 Sphingio
727 2096 867 2156 monte
893 2078 1218 2166 continebantur,
1245 2078 1356 2153 haud
1382 2081 1464 2154 scio
1490 2104 1542 2156 an
1569 2081 1673 2158 The·

200 2241 328 2320 banos
356 2255 539 2333 quoque,
564 2255 666 2329 quos
693 2228 925 2327 aenigmatis
947 2227 1179 2326 expediendi
1204 2230 1364 2327 ignaros
1383 2231 1536 2330 Sphinx
1556 2234 1672 2312 devo-

201 2409 308 2466 rasse
341 2382 544 2459 dicebatur
571 2377 659 2474 159),
691 2377 946 2454 victimarum
977 2374 1066 2452 loco
1095 2374 1240 2452 habere
1267 2375 1401 2466 liccat,
1435 2380 1671 2476 quaesistis

269 2673 334 2742 ted)
356 2674 395 2726 cf.
419 2674 452 2724 de
478 2669 623 2741 'l'lsergeliis
646 2667 837 2718 Atheniensium
860 2663 1252 2724 nens.1.utestt.1v.ss;
1281 2664 1314 2715 de
1331 2665 1446 2734 Dionyso
1462 2664 1579 2735 Ὠμηστῇ
1603 2670 1672 2736 apud

201 2773 303 2823 eosdem
321 2767 438 2820 cntueri
455 2765 543 2832 Symlt.
565 2763 596 2812 T.
614 2762 665 2822 lll,
683 2779 710 2828 p.
727 2761 799 2820 aem
829 2762 861 2811 de
877 2759 950 2810 Jovis
967 2758 1059 2824 Lycaei
1076 2759 1155 2808 sectis
1174 2758 1200 2807 in
1217 2759 1327 2808 Arcadia
1344 2758 1518 2828 Boettigerum
1534 2761 1562 2809 in
1580 2761 1671 2830 Spren·

199 2863 262 2934 gelii
278 2863 357 2911 Beitr.
374 2876 395 2908 a.
414 2855 505 2908 Gesch.
521 2857 547 2906 d.
563 2853 674 2905 Modicia
691 2852 722 2902 T.
734 2853 762 2914 1,
779 2852 808 2902 Ρ.
818 2853 851 2913 23
875 2854 907 2902 de
923 2850 988 2902 Jove
1000 2850 1139 2918 Laphystio
1154 2850 1255 2901 llldller.
1266 2849 1384 2902 Orchom.
1402 2869 1428 2918 p.
1440 2851 1494 2904 {63
1503 2869 1568 2921 sqq„
1586 2856 1671 2920 plur..

202 2971 249 3021 que
266 2954 336 3018 epod
351 2950 515 3002 lleineesium
533 2949 561 2996 in
579 2945 675 2997 comm.
693 2944 749 2996 Soc.
770 2941 839 2992 Gott
858 2941 889 2991 T.
901 2941 960 2991 Vlll
969 2977 977 3002 ,
1001 2956 1027 3006 p.
1042 2939 1079 2990 68
1095 2967 1129 2981 -
1145 2939 1198 3001 84,
1222 2941 1252 2990 T.
1266 2941 1319 3001 lx,
1343 2958 1370 3008 p,
1388 2941 1470 2992 63..
1482 2942 1534 3005 88,
1559 2962 1672 3014 qumque

200 3049 333 3112 praeterea
348 3042 437 3094 laudat
454 3036 712 3093 Weehsmuthins·in
729 3033 827 3084 Hellen.
845 3031 1087 3084 Altesthumslsunde
1105 3035 1135 3084 T.
1147 3033 1186 3096 ll,
1205 3033 1234 3086 P.
1246 3035 1279 3097 2,
1296 3051 1322 3102 p.
1336 3033 1406 3097 Μ,
1424 3037 1517 3104 quibus
1535 3038 1602 3090 adde
1615 3039 1671 3091 ch.

200 3135 273 3187 viseti
290 3133 358 3182 ttise
375 3132 419 3182 des
436 3149 516 3199 prem.
533 3136 598 3182 tems
615 3131 647 3180 de
661 3129 688 3178 le
707 3127 787 3179 Grtee
803 3127 835 3178 T.
848 3128 876 3188 l,
894 3143 920 3194 p.
934 3126 978 3176 52

270 3245 333 3310 187)
357 3243 465 3294 Pausen.
482 3243 528 3294 tx.
546 3240 572 3292 8.
592 3241 622 3302 l,
647 3239 692 3289 uhi
708 3239 775 3290 illud
791 3238 918 3305 imprimis
936 3238 1070 3288 tenendum
1089 3241 1128 3288 est
1144 3236 1193 3287 hoc
1211 3253 1310 3303 quoqne
1327 3240 1489 3304 pestilentiae
1506 3259 1670 3296 evertunesn.

201 3344 248 3394 dae
271 3356 348 3392 cause
371 3339 513 3389 institutum
536 3354 605 3388 esse:
645 3330 861 3394 ἀποκτείναντας
887 3334 917 3384 ts
941 3325 1040 3381 αὐτίκα
1063 3325 1184 3395 ίκίίαβο
1205 3327 1289 3389 νόσος
1312 3327 1470 3401 λοιμώδης,
1499 3332 1552 3388 καί
1576 3345 1670 3405 σφισιν

201 3429 315 3501 ἄφίκετο
333 3423 396 3494 ἅμα
413 3426 443 3481 ἐκ
459 3423 593 3497 Δελφῶν,
613 3423 650 3493 τῷ
664 3423 792 3494 Διονύσῳ
808 3422 889 3478 θίαν
906 3424 995 3477 natta
1013 3415 1117 3487 ιίραῖον
1133 3437 1159 3473 κ.
1173 3437 1197 3473 r.
1210 3420 1236 3473 λ.

269 3537 332 3605 158)
358 3535 423 3587 lbid.
440 3535 485 3585 lx.
503 3534 548 3586 bd.
564 3535 589 3586 ii.

269 3643 334 3713 159)
358 3639 687 3710 etspottod.111.e.8=
717 3632 847 3706 χρησμοί
865 3636 895 3687 tt
916 3633 1057 3703 Θηβαίοις
1074 3630 1268 3701 ὐκάρχοντος,
1294 3633 1443 3704 τηνικαῦτα
1460 3633 1669 3710 ἄκαίλαγήσρσ-

200 3743 255 3793 θαι
276 3735 326 3806 τῆς
344 3733 490 3806 Σφιγγὸς,
517 3730 599 3802 ἡνίκα
622 3724 658 3786 οἶν
681 3730 712 3785 ro'
738 3729 854 3799 αἴνιγμα
877 3729 996 3794 λύσωσι,
1024 3722 1159 3788 συνιόντας
1176 3729 1217 3790 είς
1235 3726 1302 3781 adro*
1327 3732 1393 3795 (scil.
1409 3731 1441 3784 τό
1462 3732 1573 3790 Φίκειον
1590 3731 1669 3804 ὅρος)

199 3833 336 3892 solidate
360 3828 474 3898 ἐζήτουν
497 3826 525 3880 τί
546 3827 578 3879 τί
603 3825 751 3894 λεγόμενόν
773 3823 846 3878 ἐστι·
876 3819 948 3874 tuas
964 3821 994 3872 tt
1010 3817 1049 3887 μή
1068 3814 1192 3889 εὕρισκον
1209 3815 1363 3889 οίρκοίοασα
1380 3823 1431 3876 ἕνα
1447 3827 1667 3893 καταβίβρωσκει

199 3929 266 3979 unde
283 3925 352 3992 quod
368 3923 467 3974 iteretis
483 3919 582 3972 vicibus
599 3920 714 3988 anguto·
732 3935 831 3985 semper
847 3916 898 3984 ipsi
915 3915 942 3964 in
958 3914 1080 3980 praedam
1093 3915 1199 3974 cessisse
1214 3919 1336 3982 apparet,
1354 3931 1410 3966 mee
1427 3917 1528 3981 qnidam
1547 3919 1669 3972 sonent&

201 4020 370 4072 tutissimum
387 4013 506 4066 solemnis
522 4011 677 4063 eetemoniee
694 4013 872 4062 documentum
889 4006 1001 4075 praebet.
