3684 4624
778 438 1085 522 -tttt...

192 655 352 730 Arionis
380 657 454 732 alia
478 677 641 754 quoque
667 625 752 729 loca
777 652 851 728 sibi
871 651 1156 744 vindicassent,
1175 659 1300 754 'atque
1324 656 1408 754 ipsa
1433 657 1557 730 exsilii
1581 655 1668 758 spess

193 809 288 894 cies,
316 830 438 906 quam
463 809 507 881 in
534 809 685 882 horum
712 803 856 883 fabulis
877 827 973 905 prae
995 827 1036 878 se
1059 801 1152 893 fert,
1179 802 1289 880 haud
1315 803 1397 879 scio
1419 828 1469 878 an
1492 804 1668 902 aliquam

190 957 507 1033 recordationem
526 957 735 1032 -contineat
761 952 846 1052 ejns
872 949 1074 1040 fortunae,
1102 971 1225 1049 quam
1248 963 1377 1026 vetera
1396 950 1669 1026 Cadmeorum

193 1126 300 1178 sacra
327 1116 417 1200 post
441 1100 566 1178 finem
593 1104 705 1203 regni
730 1103 919 1202 dispersis
943 1103 1070 1202 gentis
1097 1102 1276 1202 reliquiis
1304 1115 1459 1202 experta
1483 1104 1565 1178 sint
1585 1101 1669 1200 1ιὸ);

194 1262 234 1324 at
255 1249 305 1322 ob
328 1251 497 1326 eandem
522 1274 682 1328 causam
705 1249 975 1326 necessarium
998 1249 1206 1324 videbatur
1224 1249 1267 1322 in
1286 1261 1392 1325 tanta
1408 1273 1547 1327 rernm
1566 1249 1669 1330 The-

195 1393 390 1474 banarum
418 1399 756 1485 commutatione,
792 1408 983 1493 quantam
1010 1399 1253 1470 Boeotorum
1281 1395 1530 1470 invasionem
1557 1402 1671 1498 sequi

195 1558 510 1622 consentaneum
544 1559 644 1634 erat,
678 1555 894 1641 antequam
927 1542 1056 1642 ipsam
1085 1542 1228 1644 Oedipi
1261 1539 1438 1618 fabulam
1470 1543 1670 1654 illustran-

195 1692 289 1766 dam
308 1694 631 1791 aggrederemur,
659 1693 831 1769 aliorum
850 1715 1057 1768 sacrorum
1079 1691 1390 1788 comparatione,
1414 1694 1561 1791 quibus
1583 1719 1671 1796 cog-

196 1853 310 1916 natae
336 1843 503 1940 originis
528 1857 795 1921 monumenta
821 1843 1036 1943 integriora
1063 1863 1216 1916 servare
1242 1839 1487 1939 contigisset,
1515 1842 1671 1942 religio·

143 2026 148 2034 ·
195 2012 299 2063 num
331 2015 426 2064 cum
459 1990 526 2067 illa
559 1992 867 2090 conjunctarum
894 1993 1076 2069 indolem
1109 1993 1275 2102 propius
1306 1992 1561 2090 investigare,
1594 1993 1673 2069 his·

197 2159 276 2232 que
294 2136 460 2213 demum
478 2131 751 2217 fundamentis
768 2143 906 2242 positis
925 2147 974 2222 ad
990 2146 1197 2244 antiquam
1217 2144 1486 2230 Cadmeorum
1504 2144 1673 2244 patriam

197 2289 344 2379 redire,
377 2315 478 2389 qnae
509 2291 600 2367 lieet
625 2307 664 2369 et
688 2295 772 2394 ipsa
799 2295 927 2372 multa
954 2296 1127 2373 illarum
1143 2294 1302 2393 vestigia
1331 2293 1512 2385 servarit,
1547 2293 1672 2393 pluri·

195 2464 306 2516 mam
339 2454 474 2515 tamen
508 2465 647 2517 earnm
682 2445 922 2530 memoriam
956 2444 999 2515 in
1033 2442 1260 2518 fabularum
1290 2446 1424 2542 potius
1450 2469 1672 2522 numerum

196 2588 392 2685 redegisse
411 2611 534 2685 quam
550 2598 749 2660 certarum
766 2591 1087 2665 ceremoniarum
1103 2591 1354 2668 solemnitate
1366 2609 1574 2690 prosecuta
1589 2621 1672 2670 esse

197 2739 365 2816 videtur.
412 2741 547 2813 Immo
571 2761 623 2812 ne
644 2739 798 2814 Cereris
826 2738 990 2837 quidem
1017 2750 1054 2812 et
1070 2739 1330 2837 Proserpinae
1351 2740 1506 2822 cultum
1526 2745 1673 2821 Thebis

199 2895 297 2971 adeo
321 2892 505 2968 ssontisse
532 2892 718 2982 dixerim,
743 2906 791 2969 ut
816 2888 1028 2993 exspectari
1055 2894 1208 2987 poterat
1231 2888 1276 2962 in
1297 2888 1416 2979 urbe,
1442 2912 1565 2988 quam
1584 2891 1673 2968 illae

270 3239 333 3308 115)
354 3237 478 3290 lditllerus
495 3240 529 3288 ad
546 3237 636 3289 Aeseb.
654 3239 758 3289 numen.
777 3254 803 3305 p.
818 3238 885 3290 1⁷0:
913 3238 1088 3310 Versprenyte
1106 3236 1333 3306 liadtneerltaufen
1354 3246 1447 3307 trnyen
1471 3236 1538 3287 narb
1559 3236 1674 3290 Thebans

205 3332 323 3404 Unqliielt
340 3332 396 3384 und
405 3333 565 3403 Zersttirunq
581 3331 623 3382 die
635 3332 788 3384 heimiselten
801 3333 903 3404 Saqen,
922 3334 989 3384 arieli
1001 3333 1104 3384 dienen
1117 3332 1235 3405 Oedipus
1248 3331 1350 3392 Graiae,
1367 3333 1419 3383 niel
1430 3332 1533 3392 niobem·
1551 3335 1594 3401 qui
1607 3337 1675 3402 quod

201 3429 288 3478 addit:
306 3426 373 3477 naele
383 3426 476 3476 Attt'ka
488 3425 592 3476 tractre
604 3426 641 3475 sie
652 3424 780 3476 viellee'eltt
795 3423 844 3474 das
856 3423 1014 3498 leadineiselee
1024 3422 1174 3475 Geseltleeltt
1185 3424 1230 3475 der
1242 3422 1409 3494 &phys-tier,
1426 3423 1533 3476 sraeleites
1547 3424 1605 3476 dori
1616 3427 1675 3495 auf-

200 3541 348 3594 9enoimeen
365 3520 421 3571 und
437 3521 615 3591 einqebeirqert
630 3517 734 3580 smerde,
752 3525 778 3569 et
793 3520 878 3585 ipsum
894 3521 1064 3587 patrocinium
1081 3521 1193 3571 invenire
1210 3520 1293 3587 possit
1309 3521 1335 3568 in
1352 3519 1422 3570 enlin
1434 3519 1533 3570 Cereris
1545 3519 1673 3582 Achaeae,

202 3633 279 3682 qutun
295 3611 437 3666 Lobeelsius
458 3613 485 3662 in
503 3609 639 3682 Aglaoph..
652 3628 678 3678 p.
697 3609 766 3662 tait
788 3611 918 3680 infernam
940 3615 1019 3665 fnisse
1036 3615 1194 3680 suspiratur,
1220 3614 1264 3662 eni
1278 3611 1387 3663 Feralia
1409 3614 1603 3665 instituerentur
1619 3633 1675 3665 erent

202 3711 272 3760 aere}
288 3707 399 3776 strepitu
415 3705 492 3756 solito
503 3703 622 3754 Manium
641 3701 824 3763 delereimen103
842 3706 911 3770 qnod
928 3711 1013 3758 tamen
1030 3708 1098 3756 idem
1114 3708 1254 3774 prudenter
1272 3705 1403 3775 subjungit
1420 3707 1529 3774 getitilia
1546 3708 1590 3757 illa
1603 3724 1675 3759 sacre

199 3807 296 3865 fuisse,
319 3808 349 3852 ut
371 3801 436 3852 nihil
460 3802 519 3852 inde
541 3801 576 3850 etl
591 3799 723 3850 Eleusinia
739 3801 880 3862 redundet,
901 3803 927 3850 in
945 3800 1128 3852 Colossensibus
1146 3816 1245 3867 quoque
1264 3799 1408 3848 derivandis
1426 3803 1499 3848 eante
1515 3816 1562 3848 nos
1574 3799 1699 3878 ‘versari‘

198 3896 289 3966 jubet,
312 3894 462 3962 praesertim
486 3909 563 3958 quum
582 3891 726 3960 Gephyroei
742 3893 861 3963 'Tanagra
886 3895 972 3962 potins
990 3914 1066 3965 quam
1084 3894 1178 3947 Thebis
1196 3896 1297 3946 oriimrli
1314 3896 1394 3946 luisse
1411 3895 1544 3944 videantur
1566 3894 1676 3960 (Preller
1728 3955 1734 3964 ,

202 3989 390 4058 p.5fflsqq.),
415 3986 460 4052 ubi
474 3986 537 4046 licei
553 3985 605 4035 alia
622 3985 709 4036 fabula
727 4003 784 4036 eum
798 3986 896 4039 Colono
913 3987 988 4042 beroe
1005 3989 1140 4058 conjuncta
1157 3993 1365 4038 commemoretur
1384 3987 1426 4053 (cl'.
1439 3991 1494 4034 not.
1513 3983 1557 4050 li),
1581 3987 1696 4056 Oedipi¹

203 4086 249 4131 nni
266 4086 406 4132 ceterarum
423 4088 486 4146 quas
504 4079 621 4146 superins
638 4079 824 4131 ittinnavimus
841 4080 993 4151 religionum
1010 4099 1041 4132 ne
1059 4079 1171 4133 scintilla
1188 4081 1290 4148 quidem
1307 4082 1420 4146 apparet.
