3674 4636
762 413 1042 499 ...47-

162 648 243 712 tota
268 635 343 712 hac
367 631 500 712 fabula
524 630 629 708 nihil
650 631 777 727 magis
800 647 924 726 quam
948 623 1124 702 natalem
1150 649 1274 700 suum
1299 645 1448 725 pagum
1474 624 1641 728 ejusque

161 781 374 882 religiones
407 781 604 878 celebrare
630 783 890 856 Hermannus
917 773 1151 866 observavit,
1185 787 1334 851 certam
1361 775 1537 876 aliquam
1564 777 1642 857 cla·

163 932 256 1008 dem
278 943 370 1008 ante
390 915 530 1006 oculos
548 929 755 1011 habuisse,
782 949 904 1026 quam
927 925 1109 1002 Thebani
1131 923 1348 1025 aliquando
1367 924 1519 1002 ibidem
1535 929 1643 1026 passi
1675 932 1678 938 ’

163 1095 317 1172 essent3
354 1103 456 1180 quae
482 1079 663 1179 quamvis
689 1075 877 1176 ignobilis
903 1088 942 1150 et
967 1074 1105 1174 exigua
1130 1071 1288 1165 suisset,
1313 1087 1450 1152 tamen
1476 1077 1526 1153 ad
1552 1077 1642 1154 reli—

45 1241 53 1252 ·
164 1229 327 1327 gionem
350 1226 427 1303 loci
452 1225 674 1324 veterisque
695 1219 847 1298 oraculi
872 1222 1079 1297 veritatem
1096 1223 1318 1300 testandam
1336 1223 1521 1304 sufficere
1535 1228 1643 1306 vide·

163 1331 287 1486 retur.
349 1376 603 1475 Thucydides
629 1373 797 1473 (pridem
822 1370 947 1446 unius
972 1371 1097 1444 modo
1122 1392 1280 1467 pugnae
1306 1373 1500 1470 equestris
1525 1399 1643 1452 men-

163 1526 317 1601 tionem
350 1524 460 1614 fecit,
498 1547 600 1624 quae
630 1523 765 1621 primo
797 1520 930 1596 statim
961 1519 1058 1596 belli
1085 1542 1193 1596 anno
1218 1544 1343 1621 prope
1368 1526 1513 1602 urbem
1538 1528 1644 1606 inter

161 1673 428 1750 Athenienses
454 1687 493 1748 et
518 1672 733 1748 Thebanos
759 1671 973 1749 commissa
998 1670 1120 1746 fuerit
1138 1669 1209 1764 Ἡ);
1236 1695 1325 1748 eam
1349 1688 1483 1750 autem
1506 1677 1551 1752 in
1574 1703 1643 1757 an·

162 1825 259 1900 nuis
281 1825 463 1900 hostium
489 1823 790 1900 incursionibus
813 1823 932 1899 etiam
957 1819 1052 1896 alias
1071 1819 1186 1926 sequi
1210 1835 1524 1901 consentaneum
1543 1845 1643 1921 erat,

164 1972 257 2047 licet
291 1971 562 2069 Thucydides,
599 1995 721 2072 quem
754 1969 1043 2071 posterioribus
1073 1965 1170 2042 belli
1203 1971 1453 2068 temporibus
1484 1978 1644 2056 exulem

164 2119 305 2196 vixisse
324 2133 494 2212 constat,
519 2089 765 2222 gravioribus
783 2135 943 2198 tantum
961 2119 1140 2192 intentus
1157 2139 1243 2193 non
1261 2142 1403 2196 omnes
1423 2128 1643 2207 memoriae

164 2267 382 2358 mandarit3
425 2281 552 2369 utque
584 2269 721 2367 ipsum
750 2270 958 2347 Colonum
993 2268 1211 2369 aliquando
1247 2292 1269 2347 a
1301 2273 1460 2350 Boeotis
1497 2276 1643 2357 infesto

165 2419 325 2517 agmine
350 2419 520 2517 petitum
549 2443 635 2496 esse
660 2423 802 2496 veteris
828 2414 980 2499 oraculi
1006 2418 1167 2517 vestigia
1192 2419 1285 2495 satis
1312 2434 1508 2500 testantur
1524 2425 1592 2524 m):

363 2563 534 2642 Βοιωτοὶ
559 2563 589 2640 d
619 2568 760 2640 ἵπποιο
786 2568 1086 2660 ποτιστεὶχουσι
1109 2564 1303 2663 κολωνόν,

367 2711 467 2781 ἔνθα
493 2707 611 2792 λίθος
636 2702 868 2804 τρικάρανος
893 2706 1069 2802 ἔχεικαὶ
1098 2704 1273 2802 χάλκεος
1298 2707 1433 2804 οὐδός,

166 2849 220 2924 ita
251 2846 436 2923 victoriae
467 2869 647 2947 quoque,
686 2847 721 2922 si
755 2847 861 2923 docti
898 2851 1144 2949 grammatici
1177 2851 1300 2930 fidem
1336 2855 1548 2955 sequimur
1570 2858 1642 2959 λθ),

233 3077 281 3142 27)
304 3076 419 3144 Thucyd.
435 3075 467 3126 u.
484 3077 534 3127 Ὧι
559 3073 607 3128 καὶ
631 3071 795 3144 ἱππομαχία
818 3093 860 3138 τις
884 3075 989 3146 ὄγένιτο
1007 3077 1132 3143 βραχεῖα
1149 3072 1179 3130 ἐν
1199 3073 1351 3146 Φρυγίοις,
1377 3075 1432 3132 τῶν
1450 3075 1643 3148 salmantica

167 3171 237 3224 τέλει
260 3168 300 3223 e'st
323 3166 378 3222 reis
401 3167 506 3223 ἱππέων
526 3169 574 3220 καλ
595 3167 752 3232 Θεσσαλοῖς
770 3167 829 3236 μετ’
847 3167 939 3224 αὐτοῖν
953 3165 1025 3236 πρὸς
1042 3165 1109 3228 τούς
1126 3164 1263 3222 Βοιωτῶν
1279 3166 1382 3231 ἱππέας
1405 3189 1430 3225 ιι.
1451 3188 1475 3225 τ.
1495 3172 1521 3225 λ.
1559 3173 1642 3243 Phry-

166 3265 269 3335 giornm
290 3267 375 3311 tamen
398 3262 430 3311 de
455 3262 507 3311 situ
529 3259 593 3326 nihil
617 3260 727 3328 amplius
751 3265 865 3324 conatu,
894 3261 945 3310 nisi
969 3261 1038 3328 quod
1056 3257 1200 3328 Stephanus
1218 3260 1279 3328 Byr.
1304 3279 1331 3331 p.
1349 3261 1403 3314 748
1425 3263 1514 3320 τόπον
1534 3264 1640 3333 aava&

166 3351 310 3414 Βοιωτίας
332 3352 382 3405 παλ
390 3346 510 3420 Ἀττικῆς
531 3353 611 3403 fnisse
633 3353 686 3412 αἰὲς
715 3351 748 3404 cf.
767 3352 857 3404 Stucrt
879 3352 1057 3414 antibaren,
1080 3352 1123 3403 die
1139 3351 1313 3404 Albrttamer
1335 3370 1386 3405 von
1402 3354 1501 3418 Athen,
1528 3357 1640 3411 Dumst.

168 3447 244 3500 teat.
263 3446 296 3510 85
315 3447 345 3496 T.
359 3447 397 3506 11,
416 3445 517 3514 pem

234 3537 281 3605 98)
307 3537 385 3606 Apud
410 3537 494 3590 Sahal.
519 3538 584 3590 Oed.
609 3537 665 3591 col.
687 3556 712 3591 v.
729 3539 772 3592 Μ
807 3539 994 3594 Posterior-ibus
1017 3543 1093 3594 etiam
1117 3542 1274 3611 temporibus
1298 3544 1423 3597 Colonum
1446 3547 1571 3610 hostium,
1597 3553 1641 3620 qui

167 3633 279 3686 Athenae
296 3635 512 3704 aggrederentur,
536 3633 722 3685 mendacibus
738 3634 852 3702 patuisse
870 3635 944 3687 docet
960 3633 1100 3687 Pausaniae
1123 3635 1142 3685 1.
1155 3634 1201 3688 50.
1213 3633 1245 3687 7:
1269 3633 1299 3688 τό
1318 3635 1348 3689 δὲ
1364 3630 1454 3698 ἄλσος
1471 3637 1521 3692 τοῦ
1539 3639 1641 3694 Ποσει-

169 3722 257 3786 σῶνος
279 3727 327 3779 καὶ
352 3726 400 3781 τόν
423 3724 492 3781 ναὸν
516 3723 661 3818 ἐνέπρησεν
669 3723 821 3794 Ἀντίγονος
845 3723 989 3795 lapicida,
1014 3727 1062 3780 καὶ
1086 3718 1187 3780 ἄλλοις
1210 3723 1323 3797 στρατιᾷ
1339 3728 1469 3792 κακώσας
1479 3729 1640 3800 Ἀθηναίοις

168 3833 217 3886 νην
234 3833 293 3884 νην.

235 3910 285 3977 29)
310 3910 394 3964 Schol.
412 3913 518 3964 Aristid
542 3929 569 3980 p.
586 3909 645 3964 tao
661 3911 753 3964 biuda
783 3909 1003 3981 στρατευσάντων
1026 3907 1056 3960 δι’
1077 3923 1145 3962 ποτε
1165 3908 1301 3979 Θηβαίων
1323 3908 1560 3982 nesciit-invados
1582 3913 1639 3968 ἐπι-

168 3999 295 4073 φαίνεται
312 4005 448 4066 Οἰδιπούς
459 4004 636 4075 Ἀθηναίοις,
659 4005 777 4061 κολούων
793 4002 896 4068 adroic
913 4003 1204 4075 ἀντιπαρατάξασθαι·
1216 4005 1359 4077 Θηβαίοις
1378 4005 1572 4078 σαῤῥούντως,
1590 4012 1639 4064 καὶ

169 4097 368 4167 συμβαλόντες,
377 4097 504 4168 ἐνίκησαν
520 4095 632 4162 αὐτούς.
1195 4099 1199 4108 “
1540 4137 1574 4188 .>.
