3674 4636
752 403 1080 510 ⁴--ss.··-

201 640 335 694 unum
353 633 428 710 est,
454 620 565 720 quod
587 641 673 695 non
690 617 959 717 pestilentiam
983 615 1132 695 Thebis
1156 618 1226 697 sed
1246 618 1491 696 sterilitatem
1513 618 1682 722 frugum

203 782 241 846 et
269 773 480 869 penuriam
512 772 701 846 incidisse
734 771 786 844 ob
823 767 967 868 Oedipi
1000 767 1146 844 scelera
1183 780 1334 858 narrat,
1368 769 1538 845 alterum
1570 770 1681 869 quod

201 924 491 1022 interrogatum
520 923 734 1015 Tiresiam,
760 922 858 1022 quid
884 923 937 998 ita
962 919 1121 996 Thebae
1146 931 1399 1009 vexarentur,
1426 920 1681 1019 respondisse

202 1071 273 1161 ait,
300 1071 331 1143 si
351 1070 441 1168 quis
461 1093 506 1144 ex
522 1073 747 1148 Draconteo
765 1094 910 1171 genere
929 1081 1154 1168 superesset
1171 1081 1210 1144 et
1227 1093 1301 1169 pro
1319 1071 1444 1169 patria
1461 1069 1679 1162 interisset,

201 1217 425 1316 pestilentia
452 1217 732 1295 liberaturum:
766 1240 847 1317 quo
873 1213 976 1293 sacto
1003 1224 1269 1296 Menoeceum
1296 1222 1479 1296 Creontis
1505 1235 1545 1296 et
1570 1225 1679 1299 Ioca-

202 1379 283 1444 stae
306 1380 460 1466 patrem
487 1392 529 1444 sc
555 1368 605 1444 de
630 1369 759 1443 muris
785 1367 1060 1468 praecipitasse
1078 1367 1144 1462 ²⁹).
1188 1373 1357 1446 Prorsus
1380 1371 1457 1445 hoc
1475 1371 1679 1470 Euripidis

200 1540 358 1594 morem
390 1530 508 1618 atque
539 1519 750 1616 ingenium
776 1517 947 1607 redolet,
982 1518 1052 1617 qui
1080 1517 1203 1594 simili
1229 1519 1352 1594 modo
1377 1518 1421 1592 iu
1447 1517 1679 1596 Phoenissis

201 1666 484 1764 cognominem
519 1664 695 1764 aliquem
730 1665 914 1740 Creontis
947 1667 1100 1760 filium,
1134 1669 1178 1743 in
1212 1668 1430 1747 Heraclidis
1464 1669 1678 1746 Macariam

201 1814 385 1890 Herculis
402 1813 549 1902 filiam,
576 1813 621 1886 in
640 1812 866 1888 Troadibus
884 1812 1159 1914 Astyanactem
1179 1819 1227 1896 de
1244 1819 1374 1894 muris
1392 1817 1678 1918 praecipitavit,

200 1969 376 2068 pessimo
407 1958 538 2041 ubiuis
571 1966 752 2065 exemplo
785 1967 993 2067 magisque
1026 1968 1076 2046 ad
1101 1982 1350 2068 praesentem
1376 1968 1679 2043 miserationem

201 2128 322 2214 atque
345 2115 556 2190 horrorem
587 2139 707 2216 quam
735 2117 786 2192 ad
811 2099 1052 2218 prudentem
1079 2141 1299 2216 sanamque
1324 2113 1481 2192 fabulae
1508 2114 1679 2214 descrip-

203 2268 356 2344 tionem
383 2268 703 2358 accommodat03
730 2268 801 2342 etsi
823 2267 941 2344 nullo
964 2278 1201 2366 argumento
1225 2262 1395 2339 alienius
1418 2286 1503 2338 esse
1526 2273 1681 2362 poterat

202 2439 324 2516 quam
343 2427 497 2507 nostro,
524 2415 594 2492 ubi
620 2415 918 2514 ineptissimum
939 2427 1022 2489 erat
1042 2415 1302 2488 innocentem
1329 2435 1402 2512 pro
1423 2413 1547 2489 noxio
1571 2435 1681 2504 com·

201 2565 347 2642 missae
371 2566 499 2642 caedis
518 2565 724 2665 piaculum
744 2566 828 2642 fieri
841 2596 851 2657 ;
879 2565 958 2642 uisi
985 2563 1075 2639 ideo
1099 2562 1177 2639 hoc
1201 2561 1412 2660 Euripides
1435 2562 1682 2652 instituerat,
1782 2591 1784 2598 ’

200 2735 253 2789 ne
269 2737 364 2788 mox
385 2726 520 2812 aperto
539 2711 688 2813 flagitio
709 2713 813 2788 mori
832 2715 1035 2818 Oediprun
1055 2731 1192 2792 contra
1209 2717 1418 2816 vulgarem
1440 2715 1496 2789 rei
1515 2713 1681 2806 famam,

201 2864 270 2938 sed
303 2863 429 2937 oculis
460 2877 618 2939 tantum
645 2863 788 2961 privari
814 2887 974 2940 necesse
1002 2877 1113 2938 esset.
1168 2864 1352 2940 Forsitan
1378 2867 1498 2939 etiam
1526 2867 1682 2942 amisso
1707 2841 1718 2861 '⁶

202 3025 311 3113 patre
338 3011 466 3088 acrior
491 3013 540 3089 ad
564 3011 886 3110 investigandum
915 3014 1273 3091 caedisauctorem
1292 3015 1423 3087 Creon
1449 3009 1576 3090 factus
1604 3027 1682 3101 est;

203 3175 575 3195 W

270 3243 321 3312 29)
343 3246 414 3296 Idem
437 3252 463 3295 et
478 3245 529 3296 sals.
548 3242 662 3296 ccxmt
678 3245 771 3305 refert,
797 3246 846 3295 etsi
865 3243 974 3296 ridieulo
992 3259 1050 3295 cum
1067 3257 1170 3294 errores
1202 3241 1329 3292 ullenicns
1347 3241 1376 3306 (l.
1393 3240 1553 3304 Menoeceus)
1570 3241 1683 3294 loenstes

202 3345 276 3407 pater
297 3355 324 3390 se
349 3339 381 3389 de
404 3353 476 3388 muro
497 3338 677 3405 praecipitavit
696 3336 801 3388 Athenis
824 3343 929 3406 propter
952 3333 1156 3402 pestilentiarum
1183 3335 1251 3400 qnod
1277 3333 1343 3383 enim
1365 3349 1433 3383 nnnc
1454 3334 1632 3404 pestilentiam
1654 3335 1683 3383 in

203 3447 280 3482 eausa
302 3433 381 3483 luisse
405 3431 500 3492 tradit,
529 3430 573 3481 ubi
596 3430 651 3482 illic
673 3431 836 3480 sterilitatem
857 3430 1038 3498 perhibuerat,
1068 3435 1136 3481 recte
1154 3427 1310 3482 Welelterus
1332 3428 1350 3479 1.
1368 3445 1389 3480 c.
1416 3445 1442 3494 p.
1459 3425 1515 3480 598
1537 3427 1641 3494 λοιμόν
1656 3437 1685 3482 et

204 3522 287 3591 λιμὸν
305 3524 452 3592 saepissime
469 3529 495 3574 et
511 3523 631 3593 conjungi
649 3525 675 3572 et
689 3524 830 3590 permntari
845 3524 913 3573 inter
930 3541 958 3575 se
974 3528 1074 3582 monet3
1102 3522 1134 3572 cf.
1147 3521 1263 3588 Thucpd.
1277 3519 1308 3570 ll.
1322 3517 1360 3570 dd
1377 3524 1403 3570 et
1414 3519 1527 3570 mauolt.
1539 3521 1571 3572 de
1583 3521 1682 3570 entend,

203 3617 289 3690 tlseog.
314 3619 416 3669 Hesiod.
442 3634 467 3685 p.
487 3615 546 3668 188.
587 3617 673 3667 Etiam
698 3615 783 3668 Selsal.
806 3616 883 3684 Soph.
908 3617 993 3688 Antig.
1016 3633 1040 3666 v.
1060 3613 1134 3667 1505
1157 3614 1272 3664 meminit
1294 3611 1422 3664 Menoecei
1440 3611 1558 3664 Creontis
1583 3614 1683 3680 patris,

204 3712 249 3780 qni
266 3727 293 3762 re
310 3713 365 3778 ipse
382 3713 550 3773 mterfecerit,
567 3727 701 3779 perperam
717 3711 862 3763 intellectus
879 3711 913 3762 ab
926 3712 1071 3761 Hermanno
1088 3713 1113 3758 et
1126 3707 1223 3760 Wexio
1246 3705 1380 3776 (Prolegg.
1397 3722 1423 3773 p.
1436 3703 1502 3773 el),
1520 3705 1581 3756 licet
1597 3707 1685 3771 ipsum

204 3805 366 3858 scholiastam
389 3820 464 3854 asum
486 3807 512 3854 et
536 3807 653 3870 nepotem
677 3807 783 3870 propter
807 3804 920 3856 fatorum
943 3803 1134 3852 similitudinem
1156 3802 1222 3850 intes·
1247 3817 1275 3850 se
1300 3799 1446 3852 oonintllssa
1471 3799 1546 3850 iaeile
1569 3799 1683 3868 letgiam

204 3899 329 3968 siquidem
345 3913 404 3946 eum
421 3897 474 3948 sire
490 3895 637 3965 Megarenm
654 3897 707 3947 sive
724 3896 900 3957 Menoeceum,
919 3895 1007 3963 quiin
1024 3893 1165 3962 Antigones
1182 3891 1238 3942 loeo
1256 3897 1486 3952 commemorator,
1502 3892 1610 3942 enadesa
1627 3907 1685 3942 ease

204 3991 275 4054 vult,
292 3991 364 4060 eujus
380 3990 406 4038 in
421 3989 523 4056 Oedipo
539 3987 610 4058 Rege
626 4003 718 4039 nomen
734 3989 869 4058 aliquoties
885 3990 995 4062 legitur,
1013 3985 1062 4037 lsoc
1080 3987 1119 4034 est
1135 3987 1236 4052 patrem
1253 3981 1386 4045 Creontis,
1404 3999 1481 4050 qnnsn
1498 3987 1588 4053 poetae
1605 3982 1685 4034 rerba

204 4083 291 4151 utique
309 4082 346 4134 ad
359 4081 441 4133 lilium
457 4081 543 4148 potius
561 4079 711 4148 pertineant.
