3684 4624
788 363 1145 484 -·-oo..¹

195 579 381 681 τέταρτος
413 577 494 658 ἀπὸ
522 578 723 673 uatttov,
757 575 817 678 ἐφ’
851 568 901 654 οὗ
934 577 1058 680 φασὶν
1092 582 1130 656 ol
1159 577 1326 663 πλείους
1356 577 1429 654 τὸν
1459 583 1674 682 Σοφοκλέα

193 737 443 835 τελευτῆσαι,
468 741 604 812 contra
628 747 702 811 stat
722 731 925 809 Diodorus
941 729 1014 826 68),
1040 730 1111 830 qui
1133 741 1225 829 post
1243 730 1576 830 quinquennium
1602 733 1672 810 de-

191 909 310 959 mum
334 883 525 961 archonte
550 881 715 979 Lysiade
743 880 806 954 Ol.
829 882 947 955 XCV.
971 882 996 949 4
1023 876 1263 975 Sophoclem
1287 877 1491 975 juniorem
1517 875 1672 972 fabulas

192 1031 334 1107 docere
353 1029 527 1128 coepisse
544 1041 696 1120 narrat;
714 1042 842 1128 utque
857 1028 962 1105 hanc
981 1025 1257 1107 difficultatem
1274 1029 1327 1105 ita
1343 1029 1525 1127 expedire
1543 1030 1669 1123 liceat,
1716 1027 1720 1030 ’

191 1189 239 1251 ut
260 1198 356 1251 eum
381 1175 429 1253 ab
451 1176 529 1253 hoc
552 1176 720 1253 demum
737 1200 846 1254 anno
864 1201 939 1252 suo
956 1177 1124 1252 nomine
1141 1178 1344 1270 docuisse,
1375 1179 1532 1278 Oedipo
1550 1199 1669 1258 atum

192 1337 398 1403 auctorem
422 1324 719 1437 praescripsisse
739 1337 961 1402 statuamus
984 1325 1057 1424 ⁶⁰),
1081 1327 1282 1427 idipsum
1304 1342 1440 1405 tamen
1459 1329 1670 1410 adversarii

191 1476 235 1552 in
270 1498 386 1554 suam
420 1497 510 1550 rem
544 1474 701 1552 trahere
733 1485 936 1576 poterunt.
999 1477 1108 1568 Quas
1143 1474 1256 1550 euim
1290 1470 1444 1552 tabulas
1477 1477 1670 1554 nondum

191 1627 314 1704 editas
329 1625 571 1726 tragicorum
588 1624 736 1723 posteri
751 1624 865 1724 quasi
879 1622 1098 1701 hereditate
1111 1625 1371 1724 accepissent,
1391 1626 1475 1701 suis
1488 1625 1668 1726 plerum·

191 1798 270 1874 que
295 1773 534 1850 nominibus
562 1773 731 1848 edidisse
756 1772 944 1847 videntur
967 1767 1041 1868 ⁷⁰),
1073 1771 1116 1847 id
1146 1772 1257 1872 quod
1282 1771 1358 1872 ipsi
1385 1771 1578 1870 Iophonti
1604 1795 1668 1850 ex·

190 1923 426 2021 probrat'um
450 1941 535 1994 esse
559 1919 731 2018 legimus
747 1918 816 2017 ⁷¹);
844 1923 955 2020 quod
977 1922 1058 1998 nisi
1082 1920 1164 2021 jam
1185 1935 1302 2001 antea
1319 1921 1535 2021 Sophocles
1554 1922 1667 1999 vivus

193 2069 397 2166 Oedipum
415 2067 617 2159 edidisset,
645 2066 783 2144 mirari
799 2066 945 2167 aliquis
962 2079 1096 2167 posset
1110 2070 1316 2168 quomodo
1333 2093 1457 2170 nepos
1471 2070 1666 2148 vicarium

191 2231 350 2296 tantum
381 2218 440 2296 avi
473 2241 586 2316 agere
615 2215 839 2311 maluisset,
872 2239 1006 2317 neque
1037 2216 1140 2294 illud
1166 2218 1317 2318 opponi
1343 2217 1420 2294 sibi
1445 2230 1666 2319 pateretur,

192 2370 302 2470 quod
328 2369 436 2467 apud
461 2365 714 2443 scholiastam
746 2367 900 2454 ἐδίδαξε
925 2378 1099 2457 tantum,
1131 2387 1218 2441 nou
1243 2365 1450 2456 οἱνεδὶὸαξε
1475 2367 1664 2466 legimus,

190 2519 357 2595 Plutum
384 2538 621 2616 comparans
646 2514 996 2614 Aristophaneam,
1023 2535 1146 2614 quam
1171 2512 1251 2590 nisi
1278 2514 1441 2608 aliunde
1468 2527 1665 2593 constaret

189 2669 377 2745 vicesimo
410 2679 503 2767 post
535 2665 709 2766 primam
735 2665 963 2742 'editionem
997 2682 1107 2737 anno
1139 2662 1300 2761 poetam
1334 2663 1522 2740 secundis
1556 2664 1666 2740 curis

189 2832 434 2905 retractasse,
472 2827 586 2892 vetus
618 2816 844 2913 argumenti
878 2815 1048 2912 scriptor
1081 2811 1196 2892 facile
1227 2813 1400 2913 legentes
1435 2813 1661 2903 induceret,

189 2979 237 3042 ut
257 2979 348 3039 tum
376 2964 564 3053 demum,
596 2986 727 3061 quum
753 2964 903 3039 iterum
931 2976 1130 3061 ageretur,
1147 2963 1350 3063 'scriptam
1379 2964 1426 3040 ab
1452 2963 1523 3040 illo
1548 2976 1662 3065 puta·

189 3130 280 3196 rent
303 3115 368 3211 7ἢ).
418 3114 469 3188 At
492 3134 585 3189 vero
612 3110 688 3190 alia
716 3113 855 3212 politae
881 3110 1144 3204 retractantis,
1176 3112 1253 3189 alia
1278 3113 1517 3214 successoris
1544 3133 1661 3192 causa

190 3280 272 3358 est,
294 3263 524 3362 malamque
550 3261 717 3360 gratiam
742 3267 815 3342 avo
838 3285 965 3364 nepos
990 3263 1206 3358 retulisset,
1233 3263 1266 3340 si
1292 3285 1382 3344 eam
1404 3265 1662 3366 potissimum

257 3533 305 3602 68)
322 3535 427 3586 Diodes.
446 3533 496 3586 Sic.
514 3534 582 3590 xlv.
599 3538 643 3590 lid.

258 3634 308 3700 aa)
327 3636 430 3686 craton
447 3635 476 3684 r.
491 3635 522 3684 ιι.
541 3637 579 3697 ιι,
597 3654 623 3704 p.
636 3636 681 3690 as

258 3741 308 3808 20)
327 3740 364 3792 ct.
378 3740 476 3809 Grysar
494 3743 526 3792 de
539 3741 694 3796 Graecorum
711 3745 843 3817 tragoedia
862 3745 958 3796 circum
973 3747 1090 3812 tempora
1107 3744 1284 3798 Demosthenis
1301 3731 1370 3814 <Cot
1378 3743 1459 3800 1850.
1476 3745 1522 3814 4),
1539 3761 1565 3814 p.
1576 3745 1596 3802 4
1607 3762 1664 3817 sqq.

257 3853 304 3922 71)
323 3853 407 3906 Sclml
425 3854 555 3923 aristoph.
572 3854 636 3905 lim.
653 3872 678 3907 v.
689 3854 738 3905 ⁷52
764 3851 869 3921 Ἰοφῶν
885 3847 948 3916 ὐιός
964 3843 998 3922 ἦν
1016 3853 1201 3924 Σοφοκλέους
1220 3850 1252 3910 In
1267 3853 1477 3926 Ntxoareu'nn,
1498 3846 1532 3918 ὃς
1551 3854 1666 3928 δόκησιν

190 3953 321 4019 παρεῖχον
337 3942 380 4001 ὅτι
395 3952 456 4009 τοῖς
472 3945 644 4014 τοῦπατρὸς
661 3943 800 4016 ἐχρήσατο
819 3943 858 4008 ὥς
876 3944 999 4011 οἰκείοις.

258 4047 305 4116 tt)
324 4049 363 4100 Gi.
381 4049 465 4100 llittcr
482 4049 514 4098 de
531 4045 661 4114 Aristoplr.
679 4046 757 4098 Plato
774 4063 800 4116 p.
813 4047 858 4099 tt.
