3674 4636
164 612 301 692 dinem
326 609 371 688 in
395 623 547 699 nostra·
557 607 809 698 commisisse
831 605 947 707 podta
973 605 1199 686 censendus
1217 608 1288 686 sit.
1345 611 1499 684 Verum
1517 609 1637 685 enim

161 767 255 832 vero
288 751 397 852 apud
427 750 671 851 Sophoclem
704 763 828 831 tectae
862 749 1062 850 ejusmodi
1095 746 1389 832 admonitiones
1423 751 1638 851 reprohen-

163 894 378 1004 sionesque
407 893 540 970 multo
571 889 753 970 callidius
786 893 1039 972 occultantur
1068 916 1245 994 cumque
1270 892 1456 974 universa
1480 892 1637 976 fabulae

162 1031 292 1114 lomna
326 1032 648 1112 artificiosissime
678 1036 925 1127 coalescunti
962 1040 1071 1140 apud
1099 1039 1335 1140 Euripidem
1369 1050 1476 1116 extra
1508 1035 1637 1134 ipsius

163 1174 392 1276 argumenti
418 1188 599 1254 tenorem
625 1177 807 1258 eminent
830 1179 1011 1280 adeoque
1035 1178 1140 1257 male
1164 1205 1259 1258 cum
1283 1177 1450 1280 reliquis
1472 1174 1638 1280 actionis

163 1317 342 1418 partibus
360 1315 591 1409 cohaerent,
617 1332 665 1394 ut
680 1320 758 1396 nisi
777 1321 827 1398 ad
846 1334 993 1398 certam
1011 1321 1186 1422 aliquam
1202 1323 1341 1434 poetae
1358 1321 1639 1424 cogitationem

163 1456 404 1552 reserantur,
441 1459 574 1558 inepta
600 1485 765 1559 prorsus
797 1475 837 1537 et
861 1462 1105 1542 inconcinna
1129 1464 1254 1540 videri
1280 1461 1471 1553 debeant;
1505 1459 1638 1562 neque
1690 1444 1694 1448 ’

166 1603 249 1682 ulla
272 1605 316 1678 iu
339 1626 382 1679 re
403 1601 532 1700 magis
551 1603 764 1702 utriusque
787 1603 989 1685 diversitas
1012 1607 1206 1700 cernitur,
1233 1631 1355 1710 quam
1374 1609 1484 1710 quod
1503 1606 1570 1686 ille
1589 1575 1640 1687 ed

165 1772 299 1823 unum
317 1745 452 1825 omnia
471 1742 723 1843 propositum
742 1745 987 1838 direxit‚·hic
1004 1747 1171 1825 licenter
1184 1748 1320 1850 vagus,
1340 1749 1500 1854 qualem
1515 1747 1639 1825 renu-¹

169 1888 341 1965 stissime
371 1886 656 1986 Aristophanes
693 1885 900 1998 descripsit
921 1887 994 1987 ⁷⁰),
1030 1889 1213 1990 undique
1248 1889 1441 1990 decerptis
1472 1889 1639 1968 {loribus
1760 1975 1761 1980 ,

164 2043 400 2130 argumenta
425 2028 627 2106 exornavit
651 2041 769 2128 atquc
795 2024 952 2105 fucavit.
1003 1995 1201 2108 Nonnihil
1227 2045 1364 2108 tamen
1393 2031 1512 2108 ctiam
1538 2044 1639 2144 temj

166 2199 315 2278 porum
338 2174 554 2250 mutationi
581 2173 843 2276 tribuendum
869 2187 944 2265 est,
978 2189 1147 2275 eamque
1172 2188 1212 2251 et
1235 2176 1382 2253 nostris
1407 2176 1536 2254 causis
1562 2189 1639 2252 ter·

166 2316 263 2395 tiam
294 2315 574 2416 adjungimus3
613 2341 743 2416 quum
776 2317 990 2416 ingruente
1021 2314 1205 2414 populari
1241 2316 1475 2416 impotentia
1507 2339 1640 2417 neque

166 2461 249 2566 regi
275 2486 316 2539 se
347 2461 521 2562 amplius
548 2485 570 2541 a
596 2463 712 2562 polita
740 2461 898 2537 scenico
926 2433 1061 2557 plebes
1086 2457 1377 2556 paterot11r71),
1410 2463 1544 2560 neque
1574 2459 1641 2536 ad·

166 2601 324 2678 moneri
350 2599 556 2675 malorum
582 2623 753 2675 suorum
785 2599 828 2670 in
854 2598 1036 2684 theatris,
1063 2597 1199 2670 sedin
1225 2597 1472 2673 oblivionem
1497 2575 1641 2675 adduci

166 2737 283 2826 vellet
296 2737 367 2831 Ἡ),
392 2733 668 2826 undesactum
686 2749 762 2826 est,
784 2749 831 2810 ut
847 2735 973 2811 solam
993 2730 1294 2808 delectationem
1309 2736 1448 2834 politae
1463 2735 1508 2810 in
1526 2761 1641 2836 argu·

167 2893 400 2960 mentorum
423 2898 768 2978 personarumque
793 2873 1056 2971 descriptione
1084 2886 1325 2949 venarentur
1344 2897 1419 2951 nec
1443 2876 1522 2953 nisi
1545 2877 1642 2954 hinc

163 2999 260 3100 inde
291 3019 481 3118 inspersis
516 3014 764 3092 sententiolis
791 3012 969 3113 locisque
997 3011 1285 3089 communibus
1312 3013 1468 3092 animos
1493 3039 1516 3094 a
1540 3013 1642 3110 fictis

168 3160 441 3256 inanibusque
457 3153 613 3231 fabellis
630 3154 680 3230 ad
694 3154 912 3252 praesentis
928 3155 1029 3233 vitae
1047 3156 1218 3233 rationes
1235 3167 1474 3234 revocarent.
1512 3160 1643 3260 Atque

165 3303 275 3381 haud
293 3302 430 3377 scinus
449 3323 500 3376 an
519 3297 681 3398 aliquod
699 3297 778 3395 jam
794 3296 918 3395 huius
933 3297 1168 3374 mutationis
1184 3297 1395 3398 vestigium
1414 3301 1457 3376 in
1473 3303 1560 3402 ipsa
1572 3277 1641 3384 illa

168 3446 328 3526 adversa
345 3439 505 3517 fortuna
532 3454 731 3539 appareat,
759 3463 880 3540 quam
898 3439 1105 3540 Sophoclis
1122 3437 1299 3516 fabulam
1319 3439 1363 3512 iu
1382 3441 1499 3517 tantis
1519 3443 1641 3522 virtu·

169 3584 275 3680 tibus
303 3581 411 3683 apud
445 3579 626 3679 aequales
660 3593 858 3679 expertam
888 3605 972 3658 esse
1000 3579 1185 3680 superius
1217 3584 1640 3674 commemoravimt'rs3

168 3731 246 3806 hoc
264 3741 367 3806 certe
386 3725 558 3826 proclive
576 3737 635 3801 est
656 3727 706 3804 ad
731 3726 1059 3816 existimandum,
1083 3747 1168 3799 non
1189 3735 1314 3800 artem
1334 3727 1473 3826 poetae
1489 3729 1640 3829 populo

236 3941 286 4008 70)
303 3939 411 3992 llchnro.
428 3957 452 3992 v.
467 3937 533 3990 403.

235 4023 282 4090 71)
301 4023 340 4074 Cl'.
359 4027 384 4072 rt
402 4021 469 4076 etat.
487 4023 519 4072 dc
537 4019 616 4092 Legg.
634 4019 683 4082 lll,
700 4037 727 4088 p.
739 4021 805 4073 70st

236 4111 283 4180 72)
303 4110 341 4162 Cl'.
360 4109 499 4161 Timoclem
517 4110 586 4178 apud
603 4108 760 4161 Athonem
779 4109 819 4160 Vl.
837 4108 863 4160 ἢ.
