3674 4636
167 619 301 717 vellet,
332 645 436 704 nova
459 635 578 726 atque
605 623 785 702 inaudita
815 618 950 722 potius
983 639 1106 722 qitam
1139 625 1244 708 sana,
1263 616 1318 699 et'
1332 635 1421 723 apta
1452 622 1640 723 imperito

166 773 318 878 populo
343 775 566 852 exhibenda
589 797 674 850 esse
698 773 870 864 videreta
907 789 1009 877 quae
1031 775 1197 876 quidem
1219 797 1282 852 res
1304 773 1640 889 omnino'pleris'-

166 917 247 1028 que
266 925 352 1024 ejus
376 923 541 1016 sabulis,
566 940 614 1000 ut
630 923 728 1002 olim
751 926 1011 1004 incommodo
1035 924 1132 1015 luit,
1157 919 1270 1004 nilne
1292 921 1534 1002 excusationi
1556 943 1641 1010 esse

167 1074 295 1152 debet.
346 1073 554 1172 Sophoclis
583 1087 718 1151 autem
745 1071 950 1172 Oedipum
983 1075 1220 1170 Tyrannum
1250 1070 1509 1172 Euripideam
1538 1067 1641 1168 ejus·

168 1219 262 1298 dem
294 1222 519 1320 argumenti
548 1219 725 1302 fabulam
751 1236 874 1300 aetate
900 1223 1175 1314 antecessisse,
1209 1223 1301 1300 licet
1324 1219 1510 1300 neutrius
1524 1220 1643 1302 'actae

158 1387 328 1473 tempus
362 1374 478 1450 certis
508 1375 772 1475 antiquorum
807 1361 1019 1451 auctorum
1055 1369 1295 1450 testimoniis
1330 1369 1537 1469 proditum
1572 1369 1643 1461 sit,

168 1521 270 1598 satis'
293 1533 430 1596 tamen
458 1521 717 1619 probabiliter
741 1522 1008 1598 demonstrari
1034 1544 1151 1622 posse
1177 1541 1396 1620 speramus.
1434 1521 1501 1595 'Et
1525 1519 1643 1596 Euri·

123 1749 126 1758 ,
166 1669 325 1769 pideam
354 1668 520 1766 quidem
543 1667 610 1742 vix
636 1679 726 1743 ante
748 1666 908 1766 Olymp.
930 1671 1130 1744 LXXXIX
1148 1666 1210 1743 vel
1230 1668 1299 1742 XC
1326 1663 1644 1767 scribi-potuisse

169 1839 216 1893 ex
240 1816 404 1894 metrica
430 1815 747 1918 fragmentorum
780 1819 1011 1897 conditione
1035 1817 1289 1918 colligimus,
1316 1838 1439 1917 quam
1464 1815 1533 1893 illa
1555 1817 1643 1916 ipsa

169 1967 294 2042 aetate
326 1963 537 2063 insigniter
569 1965 818 2064 depravatam
855 1993 940 2046 esse
971 1983 1127 2046 constat
1151 1968 1235 2064 ⁴⁴),
1257 1966 1454 2068 cujusque
1483 1947 1644 2066 vestigia

169 2133 301 2210 quum
335 2110 379 2185 in
404 2111 606 2211 plerisque
632 2104 836 2213 Ettripidis
861 2112 1027 2205 sabulis,
1060 2129 1149 2191 tum
1176 2115 1221 2189 in
1248 2112 1455 2215 Sophoclis
1481 2134 1644 2212 quoquc

169 2253 406 2348 Philocteta,
434 2279 536 2356 quae
555 2257 808 2346 Ol.‚XCll.5
837 2259 1042 2353 editaest,
1072 2260 1412 2360 deprehendimus
1420 2288 1431 2350 3
1464 2259 1643 2359 Oedipus

169 2413 325 2492 autem,
352 2425 475 2502 quam
498 2404 715 2494 babemus,
741 2404 840 2481 adeo
862 2403 942 2480 illis
966 2418 1089 2494 caret,
1115 2421 1163 2482 ut
1184 2406 1264 2506 jam
1287 2430 1377 2484 eam
1404 2405 1456 2480 ob
1482 2427 1643 2482 causam

169 2563 319 2628 temere
338 2552 462 2652 egisse
480 2553 731 2652 Musgravius
750 2552 947 2643 videatur,
975 2553 1046 2651 qui
1066 2559 1192 2626 vsttttb
1207 2553 1451 2629 Alcibiadem
1475 2547 1640 2650 ejusque

170 2693 358 2769 exsilium
383 2699 548 2796 spectari
576 2696 733 2774 censuit
753 2695 819 2788 4ὅ).
872 2694 991 2791 Quod
1017 2694 1050 2769 si
1076 2716 1166 2770 vere
1195 2693 1260 2769 ille
1286 2694 1645 2782 monuissetsante

171 2841 403 2920 01.xct.a
428 2848 546 2923 scribi
570 2871 655 2924 non
676 2848 890 2948 potuisset3
923 2847 993 2924 sed
1017 2870 1060 2923 re
1085 2846 1307 2924 accuratius
1333 2844 1563 2924 examinata
1577 2843 1644 2928 itta

169 2993 255 3094 ipsa
272 2985 389 3072 verba
404 2997 504 3074 xadeo
521 2993 708 3077 universe
725 3001 828 3079 dicta
845 3024 930 3078 esse
948 3013 1126 3101 apparet,
1151 3013 1199 3075 ut
1215 3001 1259 3075 in
1276 2999 1497 3102 quemlibet
1517 2997 1643 3076 alium

167 3146 317 3244 pariter
332 3147 434 3222 trahi
455 3151 631 3248 possint;
658 3177 787 3256 eoque
810 3149 937 3256 magis
955 3155 1068 3230 hunc
1090 3151 1305 3252 Musgravii
1330 3175 1506 3230 errorem
1524 3149 1643 3226 mira·

169 3313 282 3381 mur,
309 3318 390 3392 quo
413 3295 590 3392 sagacius
612 3298 720 3374 idem
742 3301 792 3376 ad
810 3327 847 3376 v.
862 3307 911 3374 25
932 3302 1145 3394 intellexit,
1172 3301 1480 3402 descriptionem
1505 3299 1644 3400 pestis,

169 3465 249 3544 qua
269 3441 425 3521 Thebas
443 3443 584 3523 vastari
603 3447 819 3549 Sophocles
831 3447 967 3543 linxit,
994 3449 1191 3527 celebrem
1207 3449 1319 3526 illam
1335 3443 1644 3523 Atheniensium

171 3588 435 3669 calamitatem
461 3592 603 3691 (Thuc.
620 3598 679 3690 11,
703 3602 772 3696 aa)
795 3599 933 3698 potitae
955 3600 1207 3703 suggessisse.
1252 3598 1385 3676 Multo
1406 3594 1572 3700 propius
1595 3594 1645 3674 ad

171 3753 552 3793 ὰ---------ψ-

237 3858 288 3930 dd)
306 3860 347 3912 et.
366 3860 397 3916 G.
415 3861 554 3916 Hennensi
571 3862 683 3930 Opusce.
699 3864 730 3914 Τ.
743 3865 769 3926 l,
787 3881 814 3934 p
826 3866 879 3945 {53
894 3873 922 3920 et
936 3870 1017 3936 praet.
1036 3867 1125 3936 Eurip.
1143 3867 1234 3936 Suppl.
1251 3883 1278 3936 p.
1289 3867 1332 3919 ttt.

236 3957 286 4025 ta)
304 3959 424 4012 Cbrorol.
442 3977 509 4012 scen.
531 3979 560 4030 p.
573 3963 609 4022 9,
633 3966 665 4015 cs.
686 3964 716 4016 G.
735 3965 895 4018 Hermotimus
919 3969 947 4018 iu
971 3971 1032 4022 edit.
1050 3969 1094 4022 lll.
1118 3971 1154 4023 ad
1178 3986 1202 4022 v.
1220 3967 1289 4034 8⁷5,
1313 3969 1358 4020 ubi
1375 3966 1540 4038 Sophoclem,
1566 3977 1643 4030 quum

168 4049 234 4102 tane
250 4049 364 4101 ntum
382 4052 520 4116 mribuct,
545 4057 736 4126 octogouriun
750 4059 831 4110 tuisse
848 4060 1001 4127 carpuntur.

1171 4161 1197 4226 4
