3674 4636
781 397 1061 496 ...M-.-

182 613 441 714 congruentia
470 611 723 702 dubitamus,
754 609 866 709 quin·
882 607 971 708 jure
998 618 1135 704 nostro
1161 603 1400 706 Sophoclem
1427 606 1471 686 in
1499 609 1655 710 Oedipo

181 767 369 860 Tyranno
402 773 552 838 tectum
579 757 741 838 Periclis
767 757 1037 856 adversarium
1061 759 1339 848 statuerimus,
1373 759 1488 858 cujus
1515 770 1654 861 poten·

178 912 276 992 tiam·
310 911 354 988 in·
387 934 431 986 re
465 909 624 1009 publica
657 906 966 988 Atheniensium
1000 930 1024 982 a
1056 906 1265 1005 tyrannide
1301 929 1446 1007 parum
1482 905 1654 986 abfuisse

177 1032 330 1138 notum
350 1071 410 1136 est
425 1055 492 1152 Μ).
535 1053 654 1150 Quod
674 1053 785 1132 enim
809 1077 930 1154 supra
950 1055 1191 1136 monuimus
1208 1057 1347 1155 poetae
1366 1055 1411 1136 in
1429 1055 1503 1134 bac
1520 1054 1655 1136 sabula

178 1169 389 1290 scribenda
412 1201 830 1312 propositum‘fitisse,
849 1213 903 1278 ‘ut
921 1205 1002 1282 vim
1022 1206 1205 1286 adversae
1225 1203 1410 1286 fortunae
1427 1207 1655 1286 ostenderet

178 1358 223 1432 in
246 1381 334 1446 eos,
360 1356 430 1457 qui
458 1355 542 1434 suis
567 1355 750 1455 ipsorum
773 1352 925 1428 viribus
945 1353 1068 1430 nimis
1089 1349 1357 1443 confiderent,
1382 1355 1543 1432 Periclis
1564 1382 1651 1456 pen-

175 1527 299 1586 sonae
328 1504 501 1584 omnino
537 1501 740 1594 convenit,
775 1522 899 1600 quem
933 1485 1087 1575 certum
1120 1511 1181 1574 est
1211 1498 1362 1596 ingenii
1389 1504 1451 1578 sui
1477 1506 1652 1585 'sollertia

173 1657 391 1755 animique·
409 1654 632 1754 integritate
653 1650 801 1732 fretum
827 1650 965 1730 omnia
985 1649 1040 1730 ita
1056 1647 1296 1740 instituisse,
1320 1666 1367 1728 ut
1384 1653 1488 1730 nihil
1507 1657 1581 1733 sibi
1597 1661 1651 1752 ¹ab

172 1808 348 1890 externis
373 1808 530 1912 casibus
556 1817 772 1894 metueret;
807 1825 940 1900 neque
967 1799 1189 1900 quidquam
1215 1799 1324 1878 aliud
1349 1805 1467 1881 nobis
1492 1831 1649 1905 persua·

172 1985 269 2038 sum
295 1959 420 2038 estin
439 1957 584 2058 Oedipi
608 1956 789 2056 exemplo
814 1954 1080 2056 proponendo
1097 1953 1336 2052 Sophoclem
1357 1957 1545 2053 voluisse,
1570 1965 1650 2041 nisi

174 2121 223 2183 ut
253 2106 537 2195 Athenienses,
577 2104 802 2205 pestilentia¹
834 2100 1049 2190 admoniti,
1084 2099 1253 2175 Periclis·
1277 2102 1441 2181 consilia
1475 2108 1648 2208 amplius

174 2257 287 2358 sequi
306 2255 599 2380 recusarent'ab
618 2279 746 2357 eoque
763 2279 805 2332 se
822 2251 935 2355 quasi
953 2249 1197 2354 abdicarent,
1220 2230 1437 2352 anterpram
1453 2279 1536 2336 una
1553 2284 1650 2340 cum

175 2404 246 2483 illo
271 2403 491 2503 majoribus
513 2385 692 2481 cladibus
711 2402 1024 2502 implicarentur.
1065 2398 1187 2498 Atqui
1206 2399 1302 2477 haec
1327 2405 1464 2480 omnia
1483 2405 1536 2483 ita
1562 2423 1646 2487 tan.

174 2567 263 2629 tum
279 2553 362 2627 vim
384 2549 530 2625 habere
550 2558 751 2648 poterant,
777 2546 810 2620 si
831 2545 918 2622 vivo
937 2544 1088 2621 Pericle
1106 2550 1454 2645 proponebantur3
1479 2572 1645 2636 mortuo
1735 2574 1739 2586 '

174 2697 397 2778 adversario
422 2695 534 2769 nervi
565 2705 684 2792 atque
710 2713 881 2769 acumen
906 2689 1029 2764 totius
1054 2691 1279 2788 argumenti
1305 2694 1488 2790 peribant
1513 2723 1646 2800 neque

172 2845 349 2949 profecto
375 2840 615 2941 Sophoclem
647 2838 843 2916 decuisset
873 2836 972 2914 tanti
1003 2836 1182 2914 hominis
1208 2843 1426 2921 memoriae
1451 2862 1543 2947 post
1566 2846 1645 2931 fata

171 2993 385 3084 insultare3
415 2999 675 3089 qttapropter,
701 3011 832 3085 quum
857 2984 919 3060 vix
944 3007 1078 3060 unum
1104 3008 1260 3079 annum
1287 2986 1354 3064 ille
1378 2993 1479 3091 pesti
1506 3021 1643 3097 super.

172 3159 250 3221 stes
274 3139 414 3230 fuerit,
437 3139 490 3216 de
512 3151 692 3236 tempore
714 3135 809 3215 editi
827 3133 971 3231 Oedipi
990 3135 1166 3232 Tyranni
1184 3140 1449 3219 controversia
1468 3140 1642 3244 amplius

169 3316 258 3370 non
283 3291 367 3367 erit.
409 3293 513 3366 Sunt
532 3288 699 3388 quidem
715 3285 846 3386 quiin
865 3284 1021 3386 Oedipo
1039 3286 1217 3364 Colonen
1235 3290 1370 3367 nescio
1388 3316 1486 3392 qrras
1504 3295 1642 3376 laudes

171 3463 214 3518 ac
232 3436 603 3516 commendationes
620 3434 782 3511 Periclis
799 3433 986 3538 indagare
1002 3437 1077 3513 sibi
1094 3437 1281 3515 videntur
1294 3437 1364 3537 ⁶3),
1391 3443 1461 3542 qui
1483 3445 1516 3519 si
1537 3461 1641 3530 recte

169 3589 545 3662 .'............-.......

183 3837 191 3859 '
236 3751 286 3820 Ol)
303 3750 419 3818 Thucyd.
437 3747 469 3798 ll.
487 3745 539 3798 682
573 3741 692 3816 ἐγίγγηο
711 3747 741 3800 di
758 3745 832 3818 λόγῳ
848 3747 901 3815 μὲν
917 3747 1105 3818 δημοκρατία,
1133 3749 1203 3822 ἔργῳ
1223 3751 1253 3806 δὲ
1270 3746 1324 3806 rixo*
1341 3751 1392 3808 rari
1408 3756 1519 3824 πρώτου
1535 3755 1637 3830 ἀνδρὸς

167 3840 252 3911 «us

234 3958 282 4028 Ob)
305 3957 435 4031 Reisiginc
458 3960 486 4012 in
503 3957 594 4012 nuu.
612 3957 679 4012 Oed.
696 3957 784 4011 Gelon.
807 3973 834 4026 p.
852 3956 889 4010 tx
912 3962 938 4010 et
954 3956 1131 4010 bethmannus
1148 3960 1176 4010 in
1192 3958 1325 4014 Niebnbrii
1341 3962 1406 4013 llus.
1424 3964 1535 4022 noenu.
1559 3967 1590 4020 r.
1607 3971 1639 4032 1,

165 4071 191 4122 p.
208 4051 263 4106 328
279 4059 305 4105 et
321 4052 383 4104 555.
