3684 4624
785 335 1063 435 ..71-

188 565 277 662 ipso
299 563 455 662 Erinyis
480 565 649 640 nomine
674 563 781 664 apud
808 560 995 639 Arcadiae
1023 561 1220 661 oppidum
1244 559 1492 661 Thelpusam
1514 559 1677 640 ordiam

188 735 273 790 csse
298 726 451 790 constat
465 713 533 808 ²⁰).
585 719 697 790 Hanc
724 717 970 790 autemnon
997 707 1115 792 uerbo
1139 725 1299 790 tantiam
1325 725 1462 801 tenus,
1494 723 1542 786 ut
1568 714 1677 786 Her·

187 882 340 937 manno
366 861 516 959 placuit
535 861 605 956 ⁹¹),
633 860 702 936 sed
725 883 768 934 re
792 859 877 958 ipsa
901 882 995 937 cum
1020 862 1070 937 iis
1098 860 1363 950 numinibus,
1389 882 1494 960 quae
1521 859 1673 935 Coloni

187 1015 444 1104 colebantur,
488 1012 744 1112 conjunctam
783 1010 930 1102 fuisse,
975 1009 1070 1086 inde
1107 1020 1290 1109 apparet,
1332 1007 1444 1110 quod
1474 1012 1669 1109 Neptuno

187 1302 217 1346 ut
234 1297 322 1346 eadem
334 1294 443 1346 *illorum
459 1297 526 1348 ratio
543 1299 624 1350 luisse
641 1299 774 1360 videatur,
794 1315 858 1366 quae
876 1293 971 1352 Bocchi
988 1309 1121 1344 ιιεεοιιιιιι
1138 1293 1165 1343 in
1176 1292 1278 1353 Accu,
1296 1307 1362 1360 quie
1379 1307 1458 1358 ‘lum
1473 1291 1573 1362 011ςῖΕο
1590 1295 1671 1360 tiqsst

186 1395 272 1442 aetate
295 1389 467 1442 diremimima
491 1397 575 1443 essent
599 1391 726 1461 (Thucyd.
744 1392 775 1443 ll.
795 1392 858 1459 16),
879 1390 1015 1461 postmodo
1033 1387 1108 1437 aurius
1125 1388 1179 1437 fani
1195 1388 1305 1438 circuitu
1322 1387 1438 1453 quumvis
1456 1385 1552 1452 duplici
1569 1386 1670 1454 templo

186 1480 285 1532 inclusa
309 1485 369 1531 sunt
394 1481 437 1546 (el.
456 1482 532 1533 Paua.
551 1484 569 1533 l.
588 1481 670 1536 161
695 1490 721 1536 ct
743 1483 854 1536 lloeelsli.
877 1487 906 1536 in
922 1483 1006 1536 Abin.
1032 1485 1056 1534 d.
1081 1483 1150 1534 Berl.
1171 1481 1254 1533 arad.
1275 1479 1345 1533 1816
1360 1507 1395 1523 -
1415 1479 1465 1542 17,
1486 1498 1511 1548 p.
1526 1479 1567 1530 17
1578 1478 1670 1549 squ),

186 1579 263 1642 atque
278 1571 326 1624 lssc
343 1573 537 1634 incrusurum
554 1575 669 1629 l‘rellero
686 1579 753 1630 facio
769 1583 858 1630 contra
871 1577 1039 1640 Volclreruni,
1059 1579 1104 1646 qui
1122 1575 1222 1627 tabulas
1240 1573 1415 1643 Thelpusaeas
1432 1575 1503 1625 nullo
1519 1573 1671 1625 discrimine

186 1669 220 1719 ad
237 1669 426 1720 Eleusiniorum
443 1686 536 1721 arcana
552 1673 637 1722 refert.
677 1673 712 1723 Ar
729 1673 806 1725 aliani
823 1690 879 1725 esse
897 1675 1015 1725 Cererem
1032 1672 1204 1730 Eleusiniam,
1231 1666 1310 1720 uliam
1327 1668 1456 1720 Arcadum
1473 1667 1570 1736 Erinyn
1585 1665 1670 1718 Creu-

186 1775 259 1812 ιεειιι
276 1775 377 1827 quoque
394 1761 422 1810 iu
439 1759 551 1828 Symbnl.
569 1761 601 1814 ’1.
615 1763 659 1823 Ν,
684 1763 745 1816 licet
768 1782 794 1833 p.
818 1765 853 1817 ⁷8
876 1785 926 1818 non
950 1768 1013 1818 satis
1037 1767 1197 1826 distinxerit,
1222 1779 1247 1832 p.
1266 1763 1325 1818 619
1348 1768 1417 1816 recte
1435 1767 1535 1823 monet,
1559 1763 1671 1832 ipsoque

186 1851 328 1902 Pausaniae
349 1852 494 1904 testimonio
517 1852 585 1906 Vlll.
602 1852 646 1905 57.
664 1851 698 1915 6,
727 1872 776 1922 quo
799 1855 954 1910 Voelclrerus
977 1876 1002 1926 p.
1023 1857 1077 1910 166
1099 1862 1195 1920 utitur,
1222 1862 1329 1926 apparet
1345 1857 1475 1907 Arcadum
1491 1855 1670 1920 Despmam,

187 1947 289 1999 Cereris
306 1947 409 2015 Erinyis
432 1947 513 1997 liliam
538 1965 569 1998 ex
585 1947 703 2014 Neptuno
722 1949 858 2016 Equestri,
883 1952 956 2020 cujus
979 1952 1098 2018 superius
1121 1951 1199 2017 (viil.
1216 1949 1261 2002 16.
1279 1949 1307 2016 6)
1336 1964 1427 2000 ιιοιιιειι
1450 1943 1482 2008 ἐς
1504 1941 1670 2006 ἀτελέστους

188 2037 278 2105 λέγειν
299 2039 416 2089 noluerat
436 2044 463 2089 et
485 2055 551 2091 nunc
579 2056 679 2106 quoqne
702 2040 828 2102 haesitat,
855 2059 913 2092 eum
931 2046 999 2097 Cora
1015 2045 1221 2107 Eleusiniorum,
1246 2045 1320 2096 Jcris
1341 2049 1367 2094 et
1384 2041 1485 2094 Cereris
1503 2039 1575 2100 filiu,
1599 2053 1669 2089 com-

187 2135 275 2202 parari
298 2134 385 2200 potius
411 2150 487 2200 quarn
511 2136 645 2194 confundi,
670 2153 823 2203 quamquam
847 2139 963 2191 cornicar
988 2157 1087 2208 quoqau
1103 2147 1204 2192 mature
1220 2157 1277 2192 esse
1294 2141 1351 2206 ipsa
1366 2137 1413 2188 illa
1430 2131 1571 2204 μεγάλοιο
1586 2135 1671 2187 scete

188 2228 395 2280 commemoratio
422 2229 492 2294 apud
517 2227 667 2295 Sophoclem
690 2231 794 2290 suadet,
819 2246 869 2298 quo
892 2233 993 2285 nomine
1015 2233 1155 2284 Pausanias
1179 2249 1230 2284 non
1247 2231 1407 2299 Despocusm
1430 2231 1476 2281 sed
1494 2223 1587 2279 Coram
1609 2241 1669 2278 cum

188 2317 282 2370 Cerere
299 2317 500 2386 comprehendit.

259 2433 309 2500 10)
329 2433 438 2484 Prusan.
456 2433 578 2486 611116.
596 2434 628 2486 5:
653 2435 723 2504 μιτοὶ
742 2439 772 2492 di
787 2439 953 2494 Θέλπουσαν
969 2435 1014 2492 iri
1032 2437 1064 2490 ro*
1084 2435 1159 2505 ἶερόν
1176 2431 1224 2505 γῆς
1237 2434 1386 2503 Δήμητρος
1405 2452 1421 2485 ο
1412 2427 1540 2486 ‘Addere
1556 2425 1665 2480 κάτεισι

189 2528 222 2582 cd
247 2525 277 2582 εἰ
302 2525 424 2598 Ὀγκείῳ,
453 2525 574 2582 καλοῦσι
597 2532 627 2583 di
652 2529 757 2602 Ἐρινύν
781 2534 810 2586 οἱ
831 2533 1002 2590 Θελπούσιοι
1025 2531 1074 2600 ιὴι
1097 2529 1182 2595 dede,
1210 2525 1347 2594 ὁμολογεῖ
1367 2526 1398 2577 δέ
1421 2531 1499 2594 σφισι
1522 2521 1568 2574 καὶ
1583 2515 1665 2574 Ἀπί·

189 2639 302 2690 μαχος,
329 2619 520 2690 ἐπιστρατείαν
530 2617 655 2690 Ἀργείων
671 2625 794 2694 ποιήσας
812 2627 852 2688 είς
874 2627 992 2694 Θήβας,
1019 2620 1071 2675 κοί
1088 2619 1116 2674 οἱ
1134 2621 1165 2672 τὸ
1184 2617 1253 2680 ἔπος
1269 2616 1344 2685 ἔχει·

548 2715 697 2786 Δήμητρος
713 2718 781 2771 τόθι
798 2721 885 2788 φασὶν
902 2717 1024 2787 Ἐρινύος
1044 2712 1115 2769 εἶναι
1133 2711 1266 2766 lerator:

189 2811 257 2860 unde
278 2816 401 2877 apparet,
431 2828 481 2877 quo
501 2810 561 2878 jure
580 2809 710 2861 Prellerus
732 2829 759 2880 p.
778 2813 829 2864 161
848 2819 873 2864 et
893 2811 947 2863 165
971 2810 1157 2862 Callimachum
1175 2801 1277 2860 demunt
1295 2812 1321 2858 et
1337 2806 1529 2876 Lycophronem
1546 2805 1666 2857 Cererem

190 2884 289 2968 lirinyu
307 2902 400 2952 dixisse
418 2902 593 2962 contenderit,
617 2901 714 2954 scilicet
731 2908 761 2953 ut
778 2904 896 2956 Cererem
912 2919 985 2954 sunm
1000 2922 1016 2955 a
1031 2905 1123 2955 furiosi
1140 2903 1248 2953 nominis
1266 2903 1416 2972 contagione
1431 2900 1569 2960 liberaret,
1594 2891 1667 2967 qussi

150 2997 152 3001 ’
191 2995 304 3046 Arcades
327 3002 522 3047 consentaneum
546 2997 637 3046 suisset
654 2997 681 3045 in
698 2996 812 3048 colendis
830 2999 881 3047 diis
899 3001 1033 3064 poetarum
1049 2995 1278 3046 Alexandrinorum
1293 2993 1473 3063 ¹auctoritatem
1492 2993 1578 3060 sequi,
1603 3007 1666 3062 qnos

190 3091 277 3157 potius
294 3089 393 3156 antiqui
408 3090 489 3140 moris
507 3095 534 3140 et
550 3089 683 3160 religionis
700 3091 877 3158 tenacissimos
893 3091 973 3141 luisse
989 3093 1058 3140 reete
1074 3089 1173 3140 monuit
1190 3083 1289 3154 Rumpe
1305 3085 1323 3136 l.
1337 3101 1360 3137 c.
1377 3101 1403 3154 p.
1413 3083 1441 3136 6

259 3202 305 3269 11)
331 3201 369 3251 Cl.
387 3201 499 3268 Opusce.
521 3202 540 3250 l.
559 3218 580 3252 e.
603 3201 717 3268 Ῑι.101ι
745 3219 774 3252 so
797 3201 860 3253 sind
882 3201 924 3251 die
941 3198 1041 3250 Furien
1064 3197 1120 3249 und
1141 3196 1184 3248 die
1201 3193 1319 3249 Demeter
1336 3197 1436 3265 Erinys
1455 3214 1524 3268 ganz
1542 3195 1664 3248 ιιιεοοΙιίο-

193 3295 256 3348 dene
278 3293 394 3354 Wesen,
423 3291 505 3344 descen
528 3292 577 3347 das
600 3293 788 3367 qleiednamr‘pe
809 3295 939 3348 Preidr’eat
962 3294 1006 3347 des
1029 3294 1147 3366 Ziqerns
1171 3295 1199 3344 ιἰε
1220 3311 1289 3366 qauz
1311 3291 1504 3344 uersehr'edcner
1520 3291 1665 3363 Besiclursq

67 3383 81 3398 ‘
192 3389 323 3438 rademini.
354 3385 457 3438 Scilicet
469 3383 559 3454 ε’ρινύν
575 3385 608 3436 ab
626 3403 655 3437 eo
674 3389 743 3455 quod
760 3394 799 3439 est
817 3385 932 3443 ἐλινύειν
950 3390 1046 3442 dictam
1063 3387 1132 3448 vult,
1150 3388 1219 3454 quod
1237 3385 1363 3452 quomodo
1380 3383 1436 3436 fieri
1453 3385 1581 3452 potuerit,
1598 3390 1666 3436 recte

192 3475 321 3528 heller-us
333 3497 360 3548 p.
372 3475 425 3529 167
436 3477 576 3538 dubitavit,
594 3479 725 3545 multoque
742 3480 867 3546 aptiorem
884 3482 1009 3552 originem
1025 3481 1148 3532 indicavit
1164 3481 1192 3529 in
1209 3495 1271 3531 voce
1288 3475 1364 3545 ἔρις,
1383 3477 1450 3530 uude
1461 3476 1559 3546 ἐρινύιι
1571 3479 1665 3530 tactim

193 3575 276 3630 esset,
301 3576 330 3622 ut
354 3567 458 3623 δαιιῦω
484 3571 517 3620 ab
542 3588 572 3621 eo
596 3571 665 3636 quod
689 3575 728 3620 est
747 3567 827 3636 δαίς,
852 3574 928 3623 modo
949 3575 981 3624 de
1000 3574 1057 3640 ipso
1074 3573 1120 3622 illo
1136 3571 1215 3623 verbo
1234 3567 1349 3639 ἐρινύειν
1366 3578 1509 3634 tonsuret,
1534 3573 1603 3640 quod
1619 3575 1666 3624 etsi

193 3663 334 3717 Pausanias
347 3659 551 3732 etEtymologu's
570 3663 639 3730 apud
657 3661 769 3713 Arcades
786 3665 855 3714 idem
873 3666 942 3731 quod
960 3661 1125 3732 ὀργίζεσθαι
1142 3666 1195 3716 sire
1209 3659 1247 3731 τῷ
1265 3662 1351 3733 θύμῳ
1368 3659 1497 3732 χρῆσθαι
1510 3665 1667 3736 significasse

192 3757 312 3816 tradunt,
336 3760 422 3804 tamen
444 3753 514 3805 lrnud
538 3755 591 3806 seio
615 3771 648 3806 an
670 3756 752 3822 ipsius
775 3757 877 3806 demum
900 3757 1009 3806 nominis
1027 3755 1174 3822 explicandi
1190 3771 1267 3806 causa
1284 3755 1373 3804 lictum
1390 3757 1426 3804 sit
1443 3757 1521 3807 cinni
1536 3757 1666 3810 aaronis·

193 3851 319 3901 diusmate
336 3866 387 3916 quo
404 3852 476 3898 eraut
495 3847 538 3913 qui
555 3845 635 3914 τρίτω
654 3856 747 3919 caput,
772 3841 879 3914 ὅμηρον
903 3863 1020 3906 esserunt,
1045 3845 1144 3915 θηβαι
1160 3863 1280 3906 cumn,
1304 3843 1433 3903 tticum
1447 3851 1575 3921 rafim
1590 3853 1666 3904 inter·

193 3951 370 4015 perimentum
396 3957 442 3993 nec
458 3941 566 3992 multum
584 3958 738 4012 repugnem,
757 3943 779 3993 si
797 3943 854 4010 quis
871 3957 929 3993 curn
942 3939 1049 4007 Rumpio
1066 3939 1084 3990 l.
1097 3957 1119 3992 e.
1136 3957 1162 4008 p.
1173 3939 1213 3993 16
1228 3941 1263 3991 sd
1279 3939 1394 4008 priscum
1411 3941 1492 3994 iilud
1490 3941 1547 4013 ἔροι
1562 3945 1667 4005 ndns,

195 4059 245 4107 quo
263 4049 359 4091 terrain
377 4037 517 4110 significari
534 4036 623 4092 multis
640 4035 788 4103 compositis
805 4042 831 4092 et
848 4035 969 4094 derivatis
987 4041 1093 4088 οοιιιιιι.
