3684 4624
775 408 1054 496 -59-

170 629 395 728 investigari
429 641 622 737 nequeat,
653 641 788 704 tamen
821 627 975 728 aliquot
1005 623 1122 700 annis
1136 649 1141 656 Δ
1155 639 1249 703 nato
1282 625 1367 703 filio
1395 631 1650 756 superstitem

169 777 398 884 Aristonem
424 774 548 850 fuisse
573 774 655 849 veri
676 773 813 850 simile
839 787 908 850 est
960 778 1082 870 Quod
1108 790 1243 852 autem
1270 777 1447 851 Meieuts
1474 777 1518 852 in
1543 791 1650 854 octo·

169 923 372 1022 gesimum
390 922 599 1023 Sophoclis
620 946 778 999 annum
793 920 898 998 hanc
915 902 1077 1000 causam
1094 921 1282 999 incidisse
1300 922 1487 1020 conjecit,
1512 923 1651 1021 po'etae

170 1073 325 1150 dictum
359 1073 466 1173 apud
495 1073 747 1150 Aristotelem
775 1069 849 1167 ⁰⁶),
881 1075 992 1152 unde
1021 1075 1067 1149 id
1099 1074 1274 1176 collegit,
1309 1099 1447 1176 neque·
1474 1076 1649 1151 omnino

169 1223 442 1319 adjudicium
467 1225 663 1323 pertinere
686 1223 847 1299 videtur
871 1235 911 1298 et
935 1223 982 1298 ab
1004 1221 1079 1297 hac
1102 1236 1205 1298 certe
1229 1222 1298 1298 lite
1319 1221 1533 1300 manifesto
1558 1226 1650 1301 alie-

170 1397 275 1450 num
304 1387 378 1465 est3
403 1399 501 1452 nam
527 1374 597 1474 qui
623 1372 796 1448 invitum
818 1394 862 1445 se
878 1371 1179 1468 octogenarium
1198 1395 1283 1447 esse
1307 1373 1377 1460 ait,
1405 1388 1652 1450 senectutem

169 1545 254 1599 non
282 1535 442 1598 excusat
467 1497 537 1596 sed
561 1530 733 1606 accusat,
758 1538 892 1614 neque
916 1514 1019 1590 illud
1043 1518 1202 1616 Iophon
1227 1519 1328 1616 patri
1354 1519 1514 1618 objecit,
1541 1523 1653 1620 quod

173 1679 422 1744 senectutem
440 1665 699 1754 mentiretur,
726 1661 796 1740 sed
819 1663 931 1762 quod
951 1676 1153 1740 senectute
1170 1663 1373 1754 deliraret,
1400 1668 1542 1743 Meieri
1559 1691 1652 1744 vero

171 1815 384 1916 correctio,
411 1835 492 1914 qua
515 1813 568 1913 μὴ
596 1814 861 1890 inserendum
888 1811 1061 1901 censuit,
1087 1835 1253 1912 prorsus
1280 1814 1427 1891 absona
1450 1828 1525 1906 est;
1560 1817 1652 1916 quis

171 1965 281 2042 enim
315 1977 459 2042 tremat
489 1977 538 2039 ut
569 1975 816 2040 senectutem
853 1960 1105 2039 dissimulet?
1155 1965 1268 2055 Quae
1300 1988 1431 2061 quum
1464 1964 1518 2040 ita
1553 1965 1652 2054 sint,

170 2123 334 2210 apparet
358 2132 492 2210 neque
516 2111 561 2186 in
587 2109 726 2210 judicii
752 2112 863 2188 illius
889 2113 1087 2191 memoria
1112 2115 1336 2215 quidquam
1363 2116 1514 2208 inesse,
1542 2117 1653 2216 quod

170 2283 248 2339 nos
273 2285 295 2339 a
321 2262 533 2340 communi
560 2263 807 2364 antiquitatis
833 2263 1046 2342 traditione
1072 2263 1273 2340 discedere
1300 2267 1429 2363 cogat3
1461 2259 1583 2342 'restat
1607 2276 1655 2340 ut

170 2431 216 2486 ea
240 2432 343 2508 quae
367 2409 416 2487 de
441 2411 617 2488 editione
640 2411 797 2489 fabulae
817 2413 958 2489 tradita
978 2426 1075 2488 sunt
1092 2414 1359 2504 excutiamus,
1385 2439 1490 2490 num
1509 2437 1653 2490 eorum

170 2561 356 2660 opinioni
380 2559 553 2650 faveant,
580 2560 651 2660 qui
676 2583 807 2660 quum
829 2562 1033 2660 Oedipum
1059 2559 1287 2636 Coloneum
1300 2562 1546 2660 ,quindecim
1570 2583 1653 2637 am-

170 2711 278 2810 plius
312 2711 429 2786 annis
461 2723 554 2786 ante
578 2710 788 2810 Sophoclis
819 2724 994 2786 mortem
1026 2709 1215 2808 scriptam
1238 2707 1448 2798 censeant,
1484 2708 1652 2786 eandem
1763 2677 1764 2682 Ἰ

169 2858 251 2955 jam
276 2881 299 2936 a
324 2859 439 2959 poita
464 2859 553 2936 rivo
578 2877 719 2936 scenae
741 2854 1019 2952 commissam,
1046 2881 1069 2936 a
1091 2872 1237 2959 nepote
1260 2861 1469 2959 repetitam
1492 2873 1654 2936 tautum

171 3027 257 3080 esse
282 3002 425 3080 volunt
444 3003 509 3103 ⁶⁷).
556 3007 608 3082 Et
630 3007 736 3082 miro
761 3007 929 3106 quidem
956 3029 1052 3083 casu
1074 3007 1236 3097 accidit,
1269 3020 1317 3082 ut
1341 3031 1415 3082 nec
1440 3008 1519 3084 hoc
1546 3011 1653 3086 testi-

172 3151 333 3242 monio,
368 3155 479 3252 quod
509 3155 700 3232 omnium
729 3154 1016 3254 planissimum
1041 3152 1241 3242 videatur,
1273 3153 1359 3229 siue
1384 3154 1654 3254 controversia

172 3301 325 3404 perfrui
352 3303 486 3395 liceat3
519 3327 616 3383 nam
643 3328 774 3406 quum
799 3303 1010 3382 scholiasta
1034 3304 1152 3383 claris
1177 3303 1310 3378 verbis
1336 3302 1456 3379 dicat:
1489 3301 1562 3377 τὸν
1587 3302 1654 3379 ἐπὶ

171 3454 349 3554 Κολωνῷ
373 3453 564 3530 Οἰδίπουν
588 3447 962 3548 antecantamenta
982 3450 1040 3550 τῴ
1063 3446 1219 3550 arpinum
1236 3449 1450 3548 Σοφοκλῆς
1472 3445 1495 3524 ὁ
1516 3447 1654 3539 ὑϊδοῦς

175 3600 372 3692 ἐδίδαξεν,
412 3595 500 3684 οἰὸς
531 3593 590 3673 aiv
624 3599 868 3698 Ἀρίστωνος,
910 3600 976 3678 ἐπὶ
1009 3599 1210 3700 ἄρχοντος
1241 3601 1432 3686 Μίκωνος
1439 3660 1451 3695 ,
1493 3599 1540 3690 ὅς
1573 3608 1654 3680 ἐστι

241 3871 291 3941 dd)
306 3873 411 3929 lthetor.
429 3873 473 3924 ΙΙΙ.
492 3873 534 3928 ld.
549 3873 583 3928 δε
611 3874 674 3930 olor
693 3871 846 3942 Σοφοκλῆς
861 3871 916 3942 ἔφη
931 3870 1057 3941 τρέμον,
1078 3866 1133 3938 οὐχ
1151 3866 1190 3930 ὥς
1209 3866 1225 3922 d
1243 3869 1409 3941 διαβάλλων
1426 3871 1498 3943 ἔφη,
1520 3873 1565 3928 ἵνα
1583 3869 1653 3938 δοκῇ

173 3967 277 4038 ripun,
301 3961 363 4018 ἀλλ’
381 3964 415 4025 ἐξ
431 3964 571 4037 ἀνάγκης,
597 3963 632 4020 od
649 3967 702 4037 γάρ
720 3967 812 4021 ἑκοντὶ
828 3963 900 4020 εἶναι
917 3961 992 4036 αὐτῷ
1009 3963 1056 4035 ἷη)
1074 3963 1254 4035 ὀγδοήκοντα.

241 4074 289 4147 θ’ἵ)
306 4077 409 4131 Boeeklr
426 4081 453 4132 in
469 4082 523 4133 ind.
540 4081 611 4132 lectt.
628 4083 690 4130 aest.
710 4075 795 4138 1828,
813 4091 839 4144 p.
851 4075 878 4126 5.
1196 4145 1246 4215 8*
