3674 4636
166 1419 331 1570 Quum
359 1495 451 1560 ante
473 1480 551 1560 hoc
573 1481 787 1560 biennium
815 1495 856 1559 et
878 1484 990 1584 quod
1009 1483 1182 1560 excurrit
1206 1481 1413 1583 Sophoclis
1438 1483 1656 1583 oedipum.

166 1637 410 1734 Tyrannum,
420 1633 593 1733 publicis
609 1633 756 1710 scholis
771 1634 1024 1735 interpretari
1037 1637 1359 1737 aggrederemur,
1384 1647 1544 1736 tempus
1560 1657 1642 1734 quo

165 1780 262 1858 haec
284 1777 419 1858 sabrda
448 1793 533 1860 acta
557 1795 661 1858 esset
681 1782 737 1860 ita
759 1782 877 1858 nobis
900 1781 1362 1885 probabiliter'indagare
1383 1784 1457 1862 visi
1480 1807 1642 1873 sumus,

164 1939 213 2002 ut
234 1923 475 2025 Sophoclem
501 1926 746 2004 diversarum
774 1951 797 2006 a
820 1931 972 2008 Pericle
995 1934 1040 2007 in
1067 1957 1111 2009 re
1136 1931 1298 2033 publica
1320 1932 1496 2033 partium
1518 1929 1642 2008 fuisse

165 2077 390 2179 Oedipique
408 2078 484 2154 sub
500 2079 671 2157 nominc
692 2079 788 2155 huic
803 2081 1000 2159 invidiam
1023 2081 1198 2158 conflare
1215 2053 1544 2182 pestilentiaeque
1560 2079 1643 2154 cul·

164 2244 279 2324 pam,
312 2247 393 2325 qua
415 2224 590 2306 Athenas
607 2228 795 2304 secundo
823 2229 919 2306 belli
946 2227 1228 2329 Peloponnesii
1258 2252 1366 2308 anno
1397 2226 1640 2307 conflictatos

164 2393 249 2450 esse
275 2387 444 2468 constat,
477 2375 522 2452 in
551 2400 647 2453 eum
678 2375 891 2457 transferre
923 2378 1112 2456 voluisse.
1127 2391 1405 2456 statueremus.
1459 2381 1572 2472 Quae
1605 2378 1638 2453 si

162 2538 270 2601 recte
301 2544 379 2601 nos
411 2526 632 2625 disputasse
664 2528 817 2627 etipsa
846 2532 904 2605 rei
937 2530 1214 2607 convenientia
1245 2541 1285 2604 et
1313 2527 1639 2605 doctissimorum

162 2676 344 2753 virorum
365 2696 550 2754 assensus
571 2700 728 2776 sperare
745 2676 876 2775 jubet,
901 2677 950 2754 de
972 2675 1134 2753 alterius
1156 2699 1321 2774 quoque
1342 2672 1498 2750 fabulae
1518 2673 1638 2751 Oedi·

162 2823 332 2925 podeae,
357 2845 503 2925 quaea
526 2823 683 2902 Colono
705 2847 858 2902 nomen
879 2823 1016 2922 habet,
1042 2835 1164 2902 aetate
1183 2833 1303 2922 atque
1320 2820 1458 2897 indole
1482 2832 1637 2897 certum

162 2974 237 3050 crit
250 2995 326 3050 nec
341 2973 565 3074 Reisigium
586 2975 618 3072 Ι)
632 2999 706 3053 nec
719 2975 1030 3055 Lachmannum
1048 2975 1080 3071 ²)
1099 2986 1204 3072 recte
1222 2970 1435 3072 judicasse,
1458 2995 1650 3070 quorum

160 3135 332 3224 uterque
353 3125 534 3226 quamvis
559 3125 723 3203 diversis
745 3127 969 3206 rationibus
989 3145 1090 3200 usus
1112 3147 1161 3200 eo
1180 3123 1348 3199 demum
1369 3117 1565 3219 pervenit,
1589 3131 1638 3193 ut

160 3268 356 3348 Periclem
380 3268 462 3346 illic
492 3272 668 3349 excusari
694 3272 756 3350 rel
786 3253 884 3352 adeo
913 3271 1189 3350 commendari
1219 3269 1476 3346 arbitraretur
1507 3288 1635 3366 eoque

160 3420 280 3497 etiam
299 3417 388 3494 viro
414 3418 490 3494 suh
518 3418 655 3520 ipsum
681 3420 964 3522 Peloponnesii
988 3409 1084 3500 belli
1110 3421 1278 3498 initium
1306 3416 1484 3498 fabulam
1511 3416 1633 3517 scrip·

159 3578 242 3646 tam
275 3564 531 3644 existimaret
583 3566 792 3670 Quidquid
818 3568 930 3649 enim
959 3572 1010 3652 de
1037 3569 1182 3671 Oedipi
1215 3566 1384 3647 Colonei
1411 3564 1631 3648 rationibus

227 3855 256 3923 l)
273 3856 364 3908 Eum.
382 3856 476 3927 0cdip.
495 3855 584 3910 Goion.
601 3872 627 3926 p.
640 3855 730 3930 quq.
1122 3891 1125 3900 1

225 3961 255 4031 ἱ)
279 3964 364 4018 Uele
379 3966 423 4018 dle
440 3964 547 4020 Alrcielrt
564 3967 618 4022 und
634 3967 691 4024 zeit
707 3971 753 4024 det
771 3963 987 4042 ammonui
1005 3963 1118 4037 Oedipus
1136 3967 1184 4019 aui
1197 3966 1325 4032 liolococ,
1346 3969 1374 4022 in
1391 3963 1524 4023 Nielrolrrii
1541 3963 1631 4016 lllreim

37 4027 42 4036 ι
157 4057 272 4112 liutem
288 4059 319 4113 Τ.
332 4060 360 4124 Ι,
377 4075 404 4128 p.
418 4059 473 4114 ato
485 4075 543 4132 sqq.
