3674 4636
806 361 1091 464 *44-

207 586 294 686 ejus
314 583 551 664 refutatione
570 566 886 687 acquiescerent,
910 572 1074 688 quando
1094 611 1170 670 nec
1186 592 1271 694 ipse
1290 596 1548 674 commodam
1564 598 1692 698 expli·

141 715 144 720 *
207 741 404 822 sationem
421 753 703 841 proposueram
728 762 803 816 nec
822 735 1013 816 Schultaii
1037 739 1156 816 nobis
1178 741 1253 818 hae
1272 743 1317 816 in
1340 765 1458 822 causa
1480 742 1691 842 diligentia
1818 833 1819 838 Ν

206 889 408 982 satisfecit,
434 891 506 990 qui
529 889 622 965 licet
643 901 683 964 et
704 887 790 987 ipse
812 887 1044 966 tralaticiam
1063 889 1262 966 rationem
1282 903 1420 970 contra
1436 891 1685 971 Boeckhium

204 1054 396 1129 tueatur,
409 1050 545 1115 umen
566 1036 602 1112 ei
629 1059 793 1136 quoque
814 1035 919 1111 nihil
941 1035 1051 1113 aliud
1073 1038 1278 1138 opposuit,
1303 1041 1383 1117 nisi
1404 1065 1466 1117 res
1492 1041 1562 1118 illo
1584 1056 1685 1119 tem-

204 1211 303 1286 pore
333 1161 415 1286 quo
445 1183 623 1264 fabulam
655 1183 845 1284 scriptam
875 1183 970 1260 velit
1000 1197 1127 1284 gestas
1159 1185 1279 1266 etiam
1310 1171 1447 1301 decem
1477 1185 1539 1264 vel
1567 1189 1683 1288 quin·

205 1336 336 1414 decim
362 1336 477 1414 annis
503 1348 640 1436 posta
664 1336 781 1435 pobta
806 1334 949 1433 respici
975 1335 1153 1432 potuisse
1173 1335 1243 1432 2Ι),
1273 1360 1356 1435 qno
1382 1336 1485 1412 nihil
1511 1338 1684 1413 inconsi-

204 1489 378 1566 deratius
409 1500 479 1564 aut
509 1485 750 1564 imbecillius
783 1498 922 1562 contra
951 1482 1071 1560 illum
1104 1484 1181 1562 dici
1215 1497 1380 1584 poterat.
1438 1489 1536 1564 Tota
1572 1487 1683 1564 enirn

201 1635 311 1713 illius
346 1636 560 1736 disputatio
591 1659 638 1711 eo
670 1634 791 1724 redit,
824 1646 872 1724 ut
897 1631 1138 1733 Sophoclem
1171 1633 1320 1712 civium
1352 1597 1509 1713 animos
1539 1634 1682 1713 contra

204 1787 436 1874 Thebanos,
455 1786 701 1885 quibuscum
717 1781 812 1858 solis
827 1781 902 1858 sibi
920 1795 1009 1856 tum
1025 1804 1088 1856 res
1101 1779 1239 1872 suerit,
1258 1783 1496 1861 confirmare
1509 1784 1683 1864 voluisse

204 1936 325 2026 dicat,
360 1933 470 2034 quod
501 1931 638 2032 paucis
671 1931 788 2011 annis
820 1943 928 2030 post,
960 1903 1096 2033 'quum
1124 1935 1406 2035 Peloponnesii
1439 1961 1603 2037 quoque
1633 1938 1685 2016 ad'

204 2108 314 2165 arma
339 2085 569 2176 rediissent,
601 2085 714 2159 omni
741 2087 779 2162 vi
806 2085 1015 2176 caruisset3
1055 2082 1309 2187 fatemurque
1340 2086 1437 2163 huic
1463 2089 1681 2166 sententiae

204 2237 323 2315 etiam
343 2234 439 2311 inde
457 2233 633 2334 aliquam
652 2234 826 2335 speciem
843 2233 1046 2324 accedere,
1074 2235 1184 2333 quod
1203 2238 1417 2315 Creontem
1437 2235 1681 2314 Thebanum

203 2388 253 2464 dc
279 2385 417 2486 ἐρημίᾳ
444 2407 516 2461 sua
540 2383 776 2484 loquentem
802 2385 984 2462 videmus
1001 2383 1070 2481 Ἠ),
1096 2406 1229 2483 neque
1254 2382 1358 2460 illud
1382 2405 1458 2460 nos
1485 2395 1679 2470 moveret,

202 2535 312 2637 quod
325 2533 525 2634 Reisigius
541 2531 701 2630 objecit,
724 2545 816 2632 post
832 2530 986 2610 cladem
1004 2531 1235 2609 Deliensem
1252 2529 1473 2607 ridiculum
1491 2527 1677 2605 statuarum

200 2685 345 2778 fuisse,
379 2686 450 2786 qui
479 2685 793 2762 Atheniensibus
828 2687 1034 2765 victoriam
1071 2688 1120 2764 de
1155 2685 1357 2762 Thebanis
1394 2696 1678 2784 arigiiraretur3

199 2861 295 2914 nam
320 2850 417 2912 tunc
435 2833 612 2936 profecto
636 2849 720 2912 erat
740 2859 814 2910 cur
833 2839 950 2933 poita
971 2841 1073 2915 cives
1096 2839 1283 2939 antiquae
1304 2837 1461 2914 virtutis
1479 2837 1679 2915 memoria

200 2985 369 3084 erigeret
400 2985 530 3084 deque
562 2983 710 3083 patriae
743 2997 870 3062 terrae
900 2971 1151 3086 aggressione
1180 2985 1471 3075 consolaretur3
1506 2983 1616 3083 quod
1641 2984 1678 3057 si

201 3139 434 3217 etiamnimc
451 3133 582 3242 nihilo
600 3133 726 3234 magis
738 3132 1033 3213 Boeckhianam
1051 3115 1173 3234 quam
1190 3133 1458 3231 Reisigianam
1475 3131 1676 3208 rationem

201 3287 314 3386 sequi
346 3256 563 3375 audemus,
597 3283 701 3362 illud
725 3285 769 3360 in
796 3295 1016 3373 causaest,
1049 3282 1160 3381 quod
1185 3280 1318 3358 neutri
1345 3281 1560 3358 concedere
1585 3303 1676 3378 pos-

202 3458 366 3524 sumus,
397 3431 509 3507 rande
542 3431 690 3531 pariter
719 3444 890 3531 uterque
921 3425 1205 3530 proficiscitur,
1236 3426 1394 3526 po'e'lam
1422 3425 1567 3525 Oedipi
1598 3425 1674 3499 sub

200 3601 371 3680 persona
412 3579 675 3656 Athenienses
714 3574 895 3655 firturam
935 3579 985 3658 de
1027 3577 1228 3658 Thebanis
1271 3577 1477 3656 victoriam
1496 3596 1676 3676 «sperare

268 3920 315 3990 ΩΙ)
333 3920 371 3971 ne
388 3922 441 3973 vita
459 3919 593 3988 Sophoclis
609 3936 636 3990 p.
648 3918 693 3974 97.

265 4060 312 4129 22)
330 4061 397 4116 oea.
415 4060 473 4115 Col.
491 4076 515 4113 v.
526 4058 588 4112 937.
