3674 4636
807 392 1058 486 ..6.

196 618 282 706 ιχιιε,Ἰ
296 605 482 704 antiquae
505 607 743 700 narrationis
769 623 1009 710 superesset3
1034 610 1145 694 unde
1170 613 1371 714 sequitur,
1398 627 1446 690 ut
1468 616 1511 692 in
1538 614 1668 700 eristi·

193 747 342 825 manda
375 749 541 828 illorum
572 755 784 851 poitarnm
818 769 900 834 arte
928 783 1015 835 nou
1042 760 1299 860 singulorum
1325 765 1448 842 modo
1482 763 1670 843 locorum

196 912 359 993 ornatus
386 913 505 998 atque
532 904 824 997 convenientia,
855 906 1141 983 verumetiam
1168 910 1289 985 totius
1316 910 1482 989 actionis
1507 911 1669 988 institu-

194 1047 272 1139 tio,
298 1059 414 1125 teuor
434 1050 563 1150 adque
587 1065 741 1130 certum
765 1054 969 1154 quendam
985 1051 1110 1129 finem
1127 1055 1330 1154 poiticum
1348 1056 1486 1134 relatio
1503 1059 1669 1157 spectari

195 1195 354 1288 deheat3
381 1196 495 1295 cujus
522 1201 685 1302 quidem
710 1204 941 1280 universam
964 1201 1179 1294 rationem,
1205 1201 1372 1303 perinde
1392 1215 1440 1278 ut
1461 1226 1507 1278 ex
1529 1227 1670 1304 ungue

186 1343 323 1421 ¹leonis
352 1343 524 1424 formam
558 1349 761 1451 collegisse
786 1352 945 1430 Phidias
980 1347 1144 1440 dicitur,
1177 1373 1223 1426 ex
1253 1349 1437 1448 pauculis
1465 1350 1669 1428 interdum

195 1485 428 1592 fragmentis
448 1495 675 1595 conjectura
698 1501 861 1601 assequiv
876 1501 1013 1591 licere,
1038 1497 1083 1573 in
1106 1498 1289 1599 Aeschyli
1310 1499 1567 1600 potissimum
1589 1513 1670 1579 tra·

196 1641 345 1747 goediis
367 1644 580 1745 deperditis
599 1653 747 1727 recenti
768 1651 1122 1727 celeberrimorum
1142 1651 1321 1729 virorum
1343 1651 1542 1728 industria
1560 1675 1669 1728 com÷

195 1791 410 1896 probatum
427 1783 511 1870 est.
572 1798 717 1896 Oedipi
751 1822 845 1875 vero
880 1799 1099 1886 historiam,
1124 1800 1195 1874 etsi
1232 1813 1395 1898 propter
1424 1799 1670 1899 singularem

195 1935 381 2018 fortunae
395 1941 729 2035 vicissitudinem,
756 1969 857 2045 quae
875 1969 961 2021 non
977 1945 1182 2022 minusad
1200 1946 1532 2022 commovendam
1550 1948 1669 2024 mise·

196 2090 392 2166 rationem
410 2113 533 2189 quam
550 2092 600 2167 ad
617 2093 920 2191 reprimendum
938 2090 1087 2168 fastum
1107 2091 1336 2166 humanum
1355 2093 1567 2192 insigniter
1583 2107 1670 2194 apta

197 2248 317 2328 esset,
342 2237 494 2314 multos
514 2240 649 2339 potitos
672 2241 836 2317 excitare
859 2245 1175 2318 consentaneum
1195 2253 1297 2332 erat,
1323 2243 1392 2341 qui
1411 2244 1581 2320 velante
1600 2249 1668 2324 So·

197 2387 383 2486 phoclem
404 2393 629 2489 argumenti
646 2391 926 2490 praestantiam
942 2388 1225 2478 intellexerint,
1250 2390 1311 2464 vel
1325 2391 1409 2489 ipsa
1425 2390 1532 2468 illius
1551 2392 1670 2468 laude

198 2540 248 2616 ad
268 2539 581 2616 aemulationem
602 2552 926 2650 provocarentur,
951 2537 1087 2637 quales
1107 2535 1339 2635 accepimus
1358 2537 1601 2636 Aeschylum
1618 2538 1668 2634 ⁷),

264 2766 293 2831 7)
319 2765 357 2816 Gt.
377 2765 469 2818 Schiltz
492 2768 519 2816 in
534 2768 594 2819 edit.
612 2767 729 2836 Aeschyl.
753 2767 783 2817 Τ.
795 2767 827 2826 V,
845 2782 871 2834 p.
887 2763 956 2825 709,
982 2760 1122 2824 Welclter,
1146 2761 1188 2814 die
1205 2759 1384 2828 Aeschylische
1403 2762 1532 2832 'l'rssogie‚
1558 2780 1583 2830 p.
1600 2762 1669 2824 538,

198 2855 229 2910 G.
245 2856 405 2909 llermsunus
423 2859 455 2910 de
473 2859 593 2926 Aeschyli
609 2860 721 2928 trilogiis
738 2858 865 2909 Thebanis
883 2860 963 2926 (Lips.
977 2856 1054 2914 7833.
1072 2857 1102 2922 A)
1120 2854 1179 2925 pit}
1191 2873 1246 2924 sqq.
1281 2858 1364 2908 Unum
1382 2861 1481 2906 tautum
1497 2859 1552 2926 ejus
1570 2858 1672 2914 fabulae

194 2953 367 3024 fragmentum
389 2946 473 3001 exstat
495 2953 565 3016 apud
589 2951 758 3003 Scholiastom
776 2951 910 3018 Sophoclis
933 2951 968 3001 od
990 2967 1013 3002 r.
1032 2949 1100 3011 ⁷553
1124 2967 1237 3018 quaeque
1259 2954 1391 3018 praeterea
1413 2951 1448 3000 ad
1472 2953 1577 3002 eandem
1594 2953 1673 3006 refert

195 3039 352 3108 Droysenios
375 3043 403 3092 iu
418 3044 550 3110 interpret.
571 3043 689 3096 German.
706 3043 827 3110 Aeschyli
845 3045 875 3093 T.
888 3045 926 3105 ll,
949 3044 1042 3112 pffl'l
1065 3061 1096 3095 cx
1115 3043 1198 3094 Schol.
1216 3044 1282 3095 Oed.
1300 3041 1388 3092 Coloe.
1412 3057 1436 3092 v.
1456 3041 1532 3092 lOAA
1554 3049 1580 3092 et
1597 3041 1673 3098 10⁴5

196 3135 231 3184 ad
248 3133 347 3186 Cereris
364 3151 457 3184 areana
475 3137 632 3203 spectantis,
657 3134 749 3202 quihus
766 3136 896 3184 initiatum
918 3153 934 3184 a
951 3135 1049 3186 Theseo
1067 3136 1196 3202 Oedipum
1213 3152 1268 3187 esse
1285 3139 1386 3194 censet,
1410 3151 1461 3185 non
1477 3137 1551 3198 modo
1569 3136 1596 3186 in
1612 3153 1671 3188 eon·

192 3228 294 3296 jactura
318 3229 404 3295 posita
428 3233 500 3288 sunt,
526 3227 572 3276 sed
589 3205 746 3300 etiam'satis
762 3226 861 3277 levibus
879 3230 1037 3295 argumentis
1053 3230 1176 3278 nituntur.
1210 3228 1275 3279 Nam
1292 3229 1369 3278 etiarn
1387 3227 1410 3276 si
1427 3215 1524 3278 certum
1541 3233 1608 3278 esset
1625 3245 1672 3288 es,

197 3338 262 3390 quse
279 3320 420 3378 Androtion
438 3321 507 3386 apud
525 3318 609 3376 SchoL
627 3318 701 3374 Hom.
720 3319 815 3386 Odyss.
834 3317 878 3372 xt.
896 3319 950 3380 771
967 3323 999 3374 de
1016 3319 1114 3386 Oedipo
1133 3319 1220 3376 Cereri
1238 3319 1353 3385 supplice
1370 3324 1473 3378 narret,
1497 3336 1528 3369 es
1545 3317 1672 3386 Aeschylo

196 3415 278 3482 petita
295 3431 366 3474 esse,
388 3419 473 3464 tamen
492 3413 580 3464 eodem
592 3413 653 3481 jure
670 3429 728 3464 eum
745 3409 884 3477 welches-o
903 3413 1029 3482 (Trilogie
1046 3427 1072 3479 p.
1083 3410 1139 3461 567
1157 3415 1183 3460 et
1200 3411 1330 3480 Nachtrag
1347 3425 1373 3476 p.
1385 3408 1450 3474 256)
1468 3411 1503 3459 sd
1519 3409 1673 3460 Phoenissae

197 3504 279 3575 ipsius
297 3507 425 3568 traheres,
450 3502 531 3574 neque
549 3507 639 3575 opinor
657 3505 756 3558 Cereris
780 3522 853 3557 saera
870 3507 1021 3558 colonensis
1044 3524 1102 3558 erun
1121 3506 1258 3556 Eleusiniis
1275 3505 1429 3557 confundere
1446 3505 1520 3567 licet,
1545 3523 1561 3556 a
1579 3505 1672 3572 quibus

198 3601 295 3670 Oedipi
319 3603 440 3654 memoria
465 3619 564 3669 semper
585 3603 668 3653 aliena
690 3603 755 3660 suits
782 3608 812 3652 ut
835 3604 950 3652 omittam
974 3618 1083 3668 pompae
1106 3600 1228 3666 mysticae
1253 3579 1450 3664 descriptionem
1472 3602 1499 3646 et
1521 3596 1672 3648 initiationis

199 3695 366 3757 desiderium,
391 3713 455 3764 qnae
479 3697 532 3748 illis
553 3698 703 3768 fragmentis
725 3698 902 3756 continentur,
927 3699 969 3750 rix
994 3697 1045 3747 dici
1067 3709 1142 3762 posse
1166 3691 1220 3746 τῶν
1241 3692 1446 3760 revertentique
1468 3689 1673 3760 περιεργότερον

199 3785 356 3859 ἅπτεσθαι,
376 3795 444 3860 quod
460 3793 606 3844 Eustntius
623 3795 658 3844 ed
674 3794 781 3844 Aristot.
799 3793 858 3845 Eth.
875 3793 973 3844 Nicon.
989 3791 1041 3851 lll,
1059 3789 1078 3840 2
1094 3787 1247 3854 Aeschylum
1263 3787 1289 3836 iu
1307 3787 1526 3836 commemoranda
1538 3785 1629 3836 Cerere
1646 3786 1673 3836 in

199 3887 302 3954 Oedipo
319 3904 418 3956 quoque
435 3889 591 3939 commisisse
609 3890 704 3949 trsditr
729 3891 761 3940 et.
774 3887 885 3939 Loheeh.
904 3886 1027 3958 Aglaoph.
1045 3902 1071 3952 p.
1082 3885 1117 3939 78
1130 3899 1184 3949 sqq.
1210 3881 1275 3932 Μῖνι·
1291 3880 1368 3929 etiam
1381 3877 1504 3928 Mulieres
1520 3877 1556 3944 ad
1568 3877 1672 3928 [iumen.

199 3996 225 4048 p.
240 3979 307 4031 1752
334 3979 401 4032 assela
418 3979 467 4030 das
484 3978 641 4050 Mystisclse,
663 3997 721 4032 was
740 3983 768 4031 in
784 3979 930 4050 Aeschylus
949 3978 1068 4049 Oedipus
1084 3975 1205 4034 vaaharo,
1229 3970 1381 4042 hezoqlsich
1396 3965 1609 4034 wahrseltes‘nle'cls
1626 3966 1680 4035 ores

201 4071 243 4124 elie
258 4072 516 4144 Daroma-Erinys,
540 4073 582 4127 dic
599 4071 658 4126 dart
675 4071 816 4125 deutliclter
833 4071 1007 4124 teramum
1024 4065 1137 4127 mentre,
1160 4064 1202 4117 ale
1219 4063 1248 4114 irs
1265 4061 1316 4114 den
1332 4058 1499 4113 Eumedes.
