3684 4624
772 403 1079 488 -108-

186 627 389 712 liberassct
418 627 505 726 ι31);
542 649 617 702 nec
649 620 798 700 Thebis
831 613 1064 694 dubitamus
1099 609 1200 710 quin
1234 621 1304 684 aut
1334 602 1519 681 draconis
1552 601 1672 678 illius

159 882 162 903 N
187 788 347 866 caedem
366 809 388 861 a
409 781 562 859 Cadmo
579 774 742 860 factam,
767 757 1086 868 quamproxime
1105 752 1295 828 sementis
1314 763 1448 825 secuta
1465 769 1550 824 esse
1567 746 1670 823 dici-

163 956 274 1059 }tur,
308 951 377 1016 aut
401 932 543 1009 Dircae
574 949 737 1012 necem,
771 940 895 1018 quam
929 932 1041 986 nune
1074 907 1242 982 demum
1278 900 1445 977 arctiore
1473 921 1567 971 cum
1592 892 1664 970 illa
1743 949 1748 953 -

185 1085 350 1165 vinculo
382 1081 547 1180 jungere
581 1075 794 1159 audemus,
831 1067 881 1141 ad
912 1085 1025 1162 pares
1061 1058 1285 1134 incolarum
1321 1064 1489 1128 conatus
1520 1044 1666 1124 referre

187 1240 321 1324 liceat,
348 1255 523 1334 quarum
546 1225 666 1304 altera
689 1239 896 1298 suasorem
914 1222 1018 1286 certe
1035 1207 1200 1304 viaeque
1217 1212 1529 1278 monstratorem
1547 1195 1665 1294 Apol-

184 1389 315 1463 linem
341 1383 483 1460 habuit
504 1377 590 1470 ¹³⁰2),
618 1375 896 1452 alteraautem
923 1352 1143 1453 Amphioni
1170 1349 1378 1435 tribuitur,
1406 1367 1529 1443 quem
1555 1340 1672 1417 haud

188 1543 270 1619 scio
296 1561 348 1614 an
374 1547 413 1610 et
437 1537 566 1629 Lycus
593 1538 703 1624 pater
734 1533 773 1612 et
796 1515 902 1612 lyrae
928 1509 1105 1586 inventio
1131 1506 1266 1604 aliquo
1292 1501 1417 1576 modo
1443 1497 1671 1595 comparari

174 1717 284 1796 ycum
310 1687 380 1763 illo
405 1680 607 1783 patiantur
623 1670 702 1768 ι55).
739 1671 879 1764 Neque
904 1661 948 1736 in
973 1661 1047 1736 hac
1069 1680 1152 1733 una
1181 1649 1446 1728 similitudine
1472 1643 1665 1742 antiquis-

163 1819 313 1918 lsimae
343 1831 597 1932 Delphorum
633 1819 945 1911 Thebarumque
982 1822 1148 1884 naturae
1186 1799 1429 1902 comparatio
1468 1793 1672 1882 subsistit,

191 2014 292 2091 quae
321 1985 395 2064 etsi
426 1982 475 2060 ad
503 1977 733 2053 universam
764 1963 994 2042 fabularum
1026 1954 1294 2032 Cadmearum
1323 1942 1503 2023 indolem
1536 1941 1670 2018 existi·

189 2181 573 2206 Μ

260 2288 325 2356 151)
346 2287 422 2338 llum.
439 2283 472 2334 11.
488 2285 517 2333 in
534 2279 619 2347 Apoll.
635 2293 660 2329 v.
671 2273 725 2326 581
735 2285 793 2339 sqq.

260 2401 323 2468 ltu)
347 2391 468 2466 Apollod.¹
485 2393 529 2443 111.
546 2389 573 2441 4.
593 2389 624 2447 1;
652 2384 735 2436 Sebul.
753 2379 842 2446 Eurip.
860 2374 953 2426 Pboou.
970 2391 993 2428 v.
1004 2371 1068 2426 611.

259 2511 323 2578 155)
347 2508 444 2575 Sequor
462 2502 528 2554 cuim
545 2495 642 2566 Hygini
659 2475 846 2548 tat.v11,'ul›i
863 2483 974 2553 Antiopa
990 2477 1097 2551 propter
1114 2487 1230 2549 stuprum
1246 2477 1280 2530 ab
1297 2475 1406 2546 Epapho
1426 2475 1479 2526 sire
1492 2472 1593 2541 Epopeo
1612 2469 1667 2538 ipsi

188 2613 290 2664 illatum
307 2624 324 2656 a
337 2605 408 2672 Lyco
421 2602 478 2651 uiro
495 2614 541 2649 ruo
560 2593 640 2662 ejecta
657 2605 712 2641 csse
729 2585 839 2640 dicitur-a
866 2580 947 2630 altera
963 2579 1065 2630 tabulae
1082 2578 1179 2636 torma,
1199 2591 1249 2642 qua
1267 2578 1387 2641 patruum
1404 2575 1504 2620 tantum
1521 2583 1571 2618 nou
1587 2565 1666 2614 mari-

189 2718 243 2762 tum
255 2697 445 2772 Lycumlrabet
463 2695 505 2762 (cl.
516 2689 635 2758 Apollod.
654 2685 697 2735 111.
715 2683 741 2733 ὅ.
759 2680 790 2742 53
814 2678 923 2727 Pausan.
942 2671 974 2720 11.
991 2669 1018 2722 6.
1037 2669 1081 2735 2),
1101 2669 1189 2718 eodem
1207 2665 1309 2734 Hygino
1327 2668 1391 2712 teste
1408 2663 1435 2710 in
1451 2661 1503 2710 fab.
1515 2659 1574 2710 Vlll
1590 2657 1668 2706 Euri-

189 2801 246 2872 pidi
267 2799 369 2848 damaim
394 2789 518 2858 originem
541 2780 660 2832 debuisse
683 2775 796 2832 videtur,
824 2770 869 2835 qui
891 2767 1004 2836 conjugii
1027 2764 1115 2816 violati
1134 2762 1278 2828 suspicione
1295 2758 1427 2808 mulierem
1444 2755 1555 2806 liberare
1571 2751 1667 2811 vellet,

190 2911 271 2960 neque
288 2885 393 2940 Homeri
415 2877 555 2932 auctoritas
579 2871 639 2922 huie
663 2867 802 2919 sententiae
820 2863 921 2920 unctam
946 2861 990 2929 qui
1013 2861 1082 2926 quod
1098 2859 1189 2910 Jovcm
1205 2860 1305 2923 patrem
1321 2851 1459 2920 Amphioni
1479 2855 1505 2900 et
1522 2847 1602 2898 Zetho
1619 2847 1668 2898 tri·

190 2990 263 3049 buit,
287 2987 384 3052 Lycum
406 2995 457 3030 non
479 2973 563 3042 magis
586 2966 698 3026 ademit,
723 2978 799 3030 quum
815 2956 947 3008 Dioscuris
962 2954 1126 3020 Tyndarum,
1150 2949 1211 2998 licet
1233 2949 1290 3013 ipso
1307 2946 1406 2995 nomine
1422 2942 1525 2994 duriam
1541 2939 1669 3010 originem

191 3097 253 3152 prae
269 3094 296 3127 se
312 3075 414 3124 ferrent.
442 3067 505 3134 Lyci
521 3068 606 3113 autem
622 3073 714 3108 nomeu
732 3056 799 3105 sicut
814 3051 915 3102 omniuo
933 3049 1034 3114 saepius
1051 3047 1078 3094 iu
1094 3041 1188 3094 tubulis
1198 3037 1389 3107 Apollinaribus
1407 3034 1515 3086 recurrit
1531 3029 1575 3098 (cl.
1587 3031 1669 3082 Greu-

192 3175 244 3228 ceri
261 3167 374 3238 Symbol.
391 3163 420 3213 Τ.
437 3163 475 3223 ll,
495 3177 521 3230 p.
538 3154 607 3216 tto,
631 3151 735 3204 muneri
750 3148 844 3199 Dorier
861 3143 931 3203 'r.1,
951 3157 977 3207 p.
989 3136 1073 3204 503),
1097 3137 1134 3186 ita
1150 3133 1192 3184 hic
1211 3149 1310 3200 quoque
1329 3127 1394 3179 lucis
1410 3130 1589 3198 argumentum
1606 3139 1669 3174 con-

191 3271 287 3325 tinere,
307 3279 338 3314 cx
355 3261 433 3310 tratre
450 3255 547 3323 Nyctea
566 3252 688 3317 apparet,
708 3245 752 3312 qui
768 3242 850 3292 amotis
868 3241 950 3289 mutar
966 3233 1007 3282 illi
1023 3230 1161 3298 opponitur
1177 3225 1282 3290 liliaque
1298 3223 1422 3289 Nycteida
1435 3218 1565 3285 Polydoro
1575 3214 1671 3266 Cadmi

165 3356 170 3413 Ξ
192 3366 248 3417 lilio
264 3363 290 3411 iu
307 3346 497 3409 matrimonium
520 3347 580 3396 data
599 3344 766 3394 Cadmeorum
785 3335 861 3402 stirpi
883 3331 1054 3387 immiscetur,
1080 3325 1141 3374 dum
1153 3323 1242 3388 Lycus
1259 3320 1362 3387 ejusque
1379 3315 1427 3364 lilii
1444 3317 1569 3378 occupato
1585 3326 1667 3378 regnu

166 3438 172 3524 ᾗ
192 3452 333 3507 adversarii
355 3447 443 3515 potius
459 3440 573 3493 Labdaci
587 3443 624 3492 ,et
641 3434 698 3502 Laji
714 3431 838 3482 exsistunt
864 3423 907 3491 (ct’.
925 3421 1026 3472 Miller.
1044 3415 1167 3469 Orchom.
1189 3428 1216 3480 p.
1233 3409 1304 3468 uum
1332 3404 1456 3461 Weloltar
1472 3403 1538 3454 leret.
1558 3399 1669 3452 llolouie

193 3566 219 3619 p.
234 3545 297 3612 89);
315 3543 384 3611 quod
401 3540 424 3590 si
442 3537 577 3602 Antiopam
595 3536 621 3580 et
637 3529 721 3596 ipsum
731 3521 822 3591 Nyctei
839 3519 920 3570 lilium
937 3533 953 3564 a
970 3514 1033 3564 Jove
1051 3509 1091 3562 rel
1103 3505 1211 3574 Epapho
1229 3500 1334 3572 genitali
1351 3499 1453 3548 numine
1470 3497 1543 3562 (ller.
1554 3495 1585 3544 ll.
1598 3491 1669 3552 tam

165 3702 173 3728 x
193 3643 237 3695 111.
253 3637 299 3704 28)
324 3635 456 3706 gravidam
480 3631 575 3680 factam
599 3624 634 3673 ad
655 3619 756 3671 telluris
773 3607 826 3668 rim
843 3617 870 3663 et
887 3623 1008 3680 ugrmum
1023 3603 1204 3654 fecunditatem
1222 3593 1399 3652 retulerimus,
1422 3595 1478 3641 tota
1492 3586 1581 3638 fabula
1598 3600 1670 3636 eom-

192 3733 366 3786 modissimam
382 3725 447 3776 hanc
464 3720 657 3789 explicationem
672 3711 793 3771 habebit,
818 3711 848 3758 ut
864 3703 999 3755 Dircaeum
1015 3698 1109 3745 sontem
1126 3690 1293 3743 exundatione
1311 3699 1357 3734 auu
1373 3698 1450 3752 agros
1467 3678 1626 3746 oppressisse
1641 3683 1673 3728 ot

179 3837 288 3911 bacarum
305 3823 400 3891 palude
416 3820 529 3866 munseo
548 3816 705 3866 statuamus,
729 3806 809 3854 donee
825 3797 939 3848 hominos
956 3787 1112 3857 mitigandae
1129 3785 1196 3834 vitae
1214 3778 1322 3830 studiosi
1337 3777 1464 3842 iidemque
1482 3783 1606 3841 aggerum
1624 3783 1671 3818 ex-

178 3916 372 3980 istrueudorum
396 3908 474 3979 periti
498 3905 572 3972 quasi
595 3901 715 3968 injurium
738 3895 820 3944 almae
841 3887 918 3941 matri
940 3883 1035 3932 fucum
1059 3877 1239 3927 ulciscerentur
1263 3884 1410 3935 amnemque
1429 3870 1498 3917 certo
1515 3863 1587 3914 alveo
1605 3860 1671 3912 diri-

144 4007 147 4020 ’
179 3990 298 4088 'geruum
324 4009 391 4078 quod
414 4007 498 4072 ipsum
522 3998 591 4049 haud
616 3995 668 4046 scio
692 4007 726 4042 au
749 3991 846 4038 tractae
864 3985 955 4034 bircae
978 3973 1088 4043 imagine
1105 3969 1263 4031 declaretur3
1290 3973 1394 4015 taurum
1411 3963 1479 4012 certe
1495 3958 1529 4009 ud
1545 3969 1673 4026 agrorum

180 4105 372 4173 ¹‘hominumque
389 4101 515 4154 culturam
531 4090 659 4161 pertinere
676 4089 793 4138 notares
810 4083 865 4141 eat,
883 4077 916 4129 et'.
934 4067 1054 4123 tremui
1070 4059 1182 4132 Syrnbul.
1200 4058 1231 4108 Τ.
1243 4056 1286 4118 Ν,
1303 4071 1329 4123 p.
1340 4051 1383 4106 b’8.

160 3123 168 3183 l
