3674 4636
758 387 1061 483 .;v11...

169 616 393 734 auotoritas
424 634 500 700 aut
527 615 615 700 Tui
645 611 789 726 judieii
819 609 1057 698 reverentia
1087 605 1314 722 flagitaret,
1349 611 1494 699 amnia
1522 610 1644 698 deni·

168 803 257 888 que
298 803 351 859 ex
390 803 440 859 eo
479 804 632 889 genere
671 792 791 880 sunt,
829 767 947 886 quod
983 787 1197 856 certarum
1237 770 1407 856 dierum
1445 792 1487 858 et
1521 803 1644 860 occa-

168 933 338 1019 sionum
380 933 538 1019 finibus
576 932 823 1018 adstrictum
863 931 919 1016 ita
956 949 1123 1034 tantum
1161 961 1347 1045 perenne
1377 958 1467 1016 esse
1495 933 1645 1046 possit,

168 1095 245 1178 ubi
265 1095 404 1179 statim
430 1095 484 1181 ab
504 1096 596 1211 ipsa
619 1092 844 1212 nativitatis
867 1093 998 1205 janua
1017 1121 1103 1177 non
1120 1120 1295 1204 gravem
1312 1092 1547 1176 Saturnum
1570 1087 1646 1174 sed

169 1256 322 1341 lovem
352 1258 584 1370 benignum
617 1275 746 1368 atque
777 1255 1009 1340 salutarem
1040 1253 1229 1366 aliquem
1266 1251 1488 1338 invenerit.
1553 1251 1646 1337 Hoc

170 1415 284 1499 enim
307 1416 496 1522 sublato,
522 1435 684 1528 quanto
708 1416 915 1526 majorem
940 1442 1111 1528 semper
1136 1445 1311 1530 operam
1334 1416 1454 1522 dedi,
1477 1434 1526 1500 ut
1547 1417 1646 1501 nul-

169 1581 251 1665 lius
280 1579 470 1666 addictus
494 1581 538 1663 in
563 1578 698 1665 verba
721 1580 869 1691 jurare
893 1579 1103 1692 magistri,
1135 1607 1231 1692 quo*
1247 1610 1318 1666 me
1340 1608 1515 1693 cunque
1539 1579 1646 1664 ratio

169 1745 321 1850 ferret,
352 1773 402 1827 eo
434 1744 703 1857 potissimum
733 1742 1055 1850 ineurnberern,
1085 1761 1200 1828 tanto
1231 1745 1364 1857 magis
1390 1773 1563 1848 vereor,
1594 1771 1647 1828 ne

172 1930 306 2014 quarn
337 1898 481 1985 adhuc
511 1920 713 2016 expertus
740 1930 836 1985 sum
863 1903 1100 1988 multorum
1128 1905 1369 1989 comitatem
1395 1917 1436 1987 et
1458 1902 1648 1987 benero-

145 2063 369 2166 ·lentiam,
404 2061 635 2175 aliquando
665 2063 709 2146 in
740 2065 998 2148 contrariam
1027 2082 1192 2177 partem
1224 2063 1370 2171 abeat3
1405 2063 1522 2176 quod
1552 2063 1649 2149 lieet

172 2227 230 2310 ita
259 2225 436 2310 demum
467 2243 581 2310 recte
611 2223 704 2309 lieri
732 2253 853 2338 posse
884 2218 1119 2328 confidam,
1157 2222 1233 2307 ubi
1265 2249 1289 2306 a
1318 2223 1512 2308 moribus
1541 2224 1647 2309 meis

172 2389 262 2501 ipse
300 2385 534 2470 desciscens
571 2404 613 2470 et
648 2384 974 2498 temperantiam
1016 2401 1056 2466 et
1091 2382 1396 2470 verecundiam
1436 2385 1647 2501 depastis·
1737 2371 1744 2385 ’

172 2552 281 2656 rim,
311 2551 470 2665 quibus
499 2549 606 2633 nihil
631 2549 739 2632 mihi
767 2549 900 2666 magis
925 2542 969 2626 in
1001 2545 1119 2628 omni
1145 2575 1243 2631 mea
1269 2548 1356 2635 vita
1382 2547 1644 2662 propositum

173 2709 275 2816 fuit,
303 2727 447 2796 tamen
477 2706 596 2793 haud
626 2708 711 2792 scio
738 2737 796 2792 an
822 2737 872 2795 ea
901 2706 1117 2800 interdurn
1147 2709 1370 2798 literarum
1400 2731 1645 2819 nostrarnm

174 2869 359 2957 conditio
396 2868 468 2974 sit,
503 2886 551 2952 ut
588 2897 674 2953 non
712 2869 842 2955 modo
879 2871 914 2954 si
954 2872 1059 2986 quid
1094 2876 1197 2962 novi
1225 2876 1462 2992 suspicatus
1492 2878 1644 2985 fueris,

174 3033 430 3118 diuturnum
463 3032 730 3117 eruditorum
765 3063 1020 3122 consensum
1049 3037 1218 3124 laesisse
1246 3039 1451 3147 videaris,
1490 3071 1644 3145 verum

175 3194 302 3279 etiarn
332 3193 365 3276 si
395 3192 522 3277 unius
558 3193 737 3306 alicujus
770 3195 851 3280 viri
879 3194 992 3282 docti
1025 3202 1272 3288 sententiam
1304 3191 1506 3316 quamvis
1532 3205 1647 3317 judi·

175 3359 239 3444 cio
283 3376 323 3441 et
363 3360 524 3443 ratione
564 3358 685 3470 sequi
729 3359 1034 3466 recusaveris,·
1063 3362 1115 3445 ab
1157 3362 1270 3448 illius
1299 3364 1480 3458 ¹asseclis
1522 3366 1645 3451 vani·

173 3519 267 3603 tatis
305 3546 353 3602 ac
386 3517 631 3602 temeritatis
668 3515 937 3608 insimularis.
1005 3521 1174 3612 Verum
1219 3525 1327 3613 haee
1370 3528 1514 3614 omnia
1552 3529 1647 3636 Tu,

176 3705 263 3792 qua
292 3676 425 3791 polles
452 3676 611 3761 harum
642 3707 790 3764 rerum
825 3681 971 3768 notitia
1000 3701 1041 3768 et
1068 3711 1170 3792 usu,
1198 3686 1289 3801 ipse
1317 3691 1476 3803 optime
1502 3693 1646 3778 existi-

173 3839 332 3948 mabis3
373 3839 481 3925 mihi
516 3839 623 3924 nihil
652 3840 895 3931 faciendum
925 3813 1076 3955 restat,¹
1107 3848 1186 3934 nisi
1220 3869 1268 3936 ut
1297 3870 1457 3966 quanto
1487 3854 1643 3967 possim

173 3989 327 4088 ltrdore
356 4019 549 4115 vegetam
583 4002 854 4119 viridemque
882 4023 1139 4093 senectutem
1166 4007 1267 4094 Tibi
1294 4037 1345 4094 ex
1376 4010 1519 4095 animo
1547 4040 1644 4126 grs-
