3684 4624
752 431 1056 516 -rlt....

173 651 296 726 dictae
317 648 472 724 divinae
490 616 786 744 Furiarumque
803 645 1005 742 potestatis
1028 661 1279 744 argumenta,
1305 645 1453 747 quibus
1478 648 1641 746 antiqua

172 797 442 873 Cadmeorum
473 793 669 868 memoria
700 790 895 879 abundat,
928 788 1159 868 facillimam
1191 792 1492 893 explicationem
1524 791 1642 868 habe-

170 947 275 1021 bunt
310 969 354 1020 ex
386 943 456 1018 illo
488 943 637 1017 virium
672 939 920 1015 terrestrium
956 939 1018 1014 vel
1052 938 1305 1017 infernarum
1340 943 1526 1031 horrore,
1562 965 1643 1040 quo

170 1092 368 1189 Erinyum
404 1114 556 1165 nomen
592 1103 765 1188 spectare
803 1086 1076 1185 probabiliter,
1113 1101 1161 1162 ut
1194 1113 1422 1186 speramus,
1457 1089 1646 1188 suspicati

172 1265 315 1315 sumus
338 1239 426 1334 ll4),
454 1262 656 1338 quemque
681 1235 764 1334 Laji
791 1234 1020 1333 exemplum
1047 1236 1162 1310 docet
1186 1259 1365 1335 eousque
1391 1237 1572 1325 crevisse,
1598 1247 1645 1310 ut

172 1387 295 1464 satius
324 1387 525 1494 videretur
552 1385 691 1461 nullos
721 1383 866 1458 liberos
893 1405 1016 1480 quam
1043 1382 1086 1456 in
1111 1394 1284 1479 apertam
1312 1381 1531 1479 perniciem
1555 1395 1644 1479 pro·

173 1559 302 1612 creare
336 1535 425 1632 ι115),
463 1507 595 1633 neque
630 1534 818 1632 Sphingis
855 1531 1010 1609 fabulae
1049 1532 1167 1607 aliam
1207 1532 1445 1608 sententiam
1481 1533 1646 1608 subesse
1684 1535 1687 1538 ’

171 1689 429 1775 arbitramur,
459 1684 540 1758 uisi
569 1665 825 1758 sictimarum
858 1683 1151 1770 humanarum,
1185 1681 1333 1779 quibus
1365 1680 1478 1780 quasi
1504 1683 1644 1756 satiare

173 1835 342 1913 deorum
360 1829 631 1905 crudelitatem
649 1828 918 1927 primitiisque
935 1830 996 1905 vel
1014 1830 1178 1906 decimis
1195 1830 1334 1906 oblatis
1349 1853 1488 1928 pacem
1501 1854 1643 1905 eorum

172 1979 368 2054 redimere
400 1976 537 2051 miseri
566 1975 625 2048 illi
659 1975 789 2050 conati
823 1976 913 2050 sint.
971 1981 1051 2054 Has
1078 1977 1188 2053 enim
1215 1978 1322 2077 apud
1347 1979 1645 2078 antiquissimas

174 2127 359 2203 Graeciae
384 2138 520 2223 gentes
545 2147 630 2198 non
656 2123 795 2198 minus
823 2145 944 2221 quam
972 2125 1078 2224 apud
1107 2126 1329 2201 barbaricas
1356 2126 1455 2202 olim
1482 2127 1644 2204 usitatas

172 2273 312 2365 fuisse,
333 2258 562 2350 certissimis
577 2271 815 2351 testimoniis
832 2275 885 2350 ita
903 2273 1179 2364 confirmatur,
1196 2285 1244 2348 ut
1258 2271 1454 2372 ejusmodi
1470 2275 1649 2376 suspicio
1698 2334 1703 2348 .

241 2561 305 2626 tte)
330 2559 369 2610 Cf.
387 2575 442 2625 sup.
461 2558 563 2612 notbii
576 2557 755 2624 et106sqq.;
780 2557 932 2609 laneuutem
949 2557 1074 2624 imprimis
1091 2558 1154 2608 fucit
1171 2558 1345 2626 quodEurip.
1363 2559 1458 2611 Pboen.
1476 2560 1590 2613 ιι1036
1606 2563 1644 2612 eit

172 2651 313 2722 Sphingem
332 2645 469 2715 ὀλομέναν
486 2645 577 2716 ἐρινύν
593 2648 725 2709 attulisse,
744 2652 811 2701 uude
827 2650 996 2720 intelligimus
1013 2652 1061 2702 lsoe
1078 2652 1201 2704 vocabulo
1218 2655 1300 2719 ipsam
1317 2655 1368 2704 vim
1385 2655 1438 2704 aire
1454 2671 1547 2706 numen
1565 2659 1643 2723 pesti-

170 2749 253 2797 ferum
276 2751 302 2794 et
326 2745 453 2793 funestum
476 2741 599 2802 iudieari;
630 2741 781 2792 scholiastae
809 2739 935 2795 ἐνταῦθα
960 2744 990 2796 δὲ
1013 2741 1103 2810 ἐρινύν
1125 2738 1159 2794 ori
1175 2742 1223 2810 τήν
1245 2742 1369 2812 κατάραν
1391 2743 1480 2812 λέγει,
1506 2744 1571 2798 οὐδὲ
1595 2746 1644 2813 τήν

174 2841 282 2908 ἔφορον
298 2832 352 2890 reis
367 2829 496 2900 καταρῶν
511 2829 599 2898 θεάν,
619 2827 694 2884 ottae
713 2829 746 2884 rei
764 2831 873 2901 δάκρυα
889 2835 936 2886 καὶ
954 2832 1020 2896 τούς
1037 2832 1144 2901 φόνους
1161 2852 1186 2888 n.
1201 2852 1224 2887 r.
1238 2834 1264 2888 λ.

242 2957 304 3024 153)
322 2953 430 3008 Omeuli
445 2953 511 3003 enim
527 2953 690 3004 interdictum
707 2970 723 3003 a
734 2955 816 3021 poetis
833 2956 935 3006 demum
951 2955 1079 3022 interponi
1095 2971 1197 3007 necesse
1214 2961 1284 3016 erat,
1303 2957 1346 3023 qui
1363 2975 1393 3008 ex
1411 2959 1536 3025 sequioris
1551 2963 1643 3014 uetetis

173 3050 295 3104 sententie
315 3045 378 3098 uilril
401 3047 457 3096 aine
473 3045 592 3120 Apollirpe
614 3047 671 3116 geri
694 3061 769 3113 posse
791 3051 925 3113 putarent;
949 3047 1055 3113 propius
1080 3047 1114 3096 ad
1131 3048 1266 3116 genuinus
1282 3047 1384 3100 lsbnlne
1400 3049 1507 3101 sormam
1523 3056 1643 3109 accedere

172 3149 272 3198 ridetur
285 3145 391 3212 Argum
403 3140 491 3192 Aeseb.
504 3141 573 3208 Sept.
592 3158 618 3207 p.
632 3139 698 3190 155:
722 3125 740 3207 ἦ
758 3140 901 3193 συνελθεῖν
917 3138 965 3189 καὶ
981 3135 1062 3190 τέκνα
1078 3135 1196 3205 ποιήσαι
1214 3135 1265 3191 osiae
1281 3136 1403 3207 ἐτόλμα,
1422 3141 1473 3203 uie
1490 3142 1540 3198 rori
1552 3145 1642 3200 He'lo.

172 3255 226 3298 κος
250 3235 346 3298 δεδιώς
372 3229 461 3301 ἀράς,
488 3232 532 3282 ubi
556 3233 617 3283 licet
640 3231 729 3282 itidem
754 3248 889 3300 perperam
909 3233 1052 3284 immixtum
1073 3233 1194 3300 Pelopem
1212 3251 1371 3296 censeamus,
1396 3243 1426 3288 ut
1441 3239 1528 3306 aliqua
1545 3244 1643 3295 seilicet

171 3331 229 3399 Laji
245 3329 321 3394 eulpa
339 3331 474 3392 appareret
498 3326 540 3390 (cf.
558 3331 612 3376 not.
631 3323 683 3374 112
705 3329 730 3374 et
747 3323 831 3376 Subol.
849 3324 946 3376 Plroen.
970 3341 993 3378 v.
1011 3322 1076 3386 66),
1098 3324 1174 3376 Dirna
1198 3330 1297 3388 manen,
1322 3345 1385 3394 ques
1409 3329 1477 3384 baud
1501 3351 1560 3386 raro
1584 3353 1642 3388 cum

171 3422 258 3474 Furiis
274 3424 319 3469 aut
336 3419 456 3488 conjungi
473 3420 518 3465 eut
534 3415 652 3478 conlundi
670 3407 773 3465 constnt'
793 3415 836 3475 (ct.
854 3416 943 3468 Aeseb.
961 3417 1065 3467 Eunoen.
1084 3431 1108 3468 v.
1121 3415 1175 3467 eu
1196 3422 1221 3467 et
1238 3418 1430 3472 Wunderliclrii
1445 3423 1523 3476 otas.
1540 3428 1597 3479 erit
1615 3430 1643 3480 in

172 3513 357 3580 Aescb.·'1¹rsg.
376 3526 402 3576 p.
416 3509 454 3560 89
464 3509 547 3575 sqq),
571 3508 680 3559 libenter
697 3509 889 3576 amplectimur,
907 3515 937 3560 ut
953 3517 1077 3579 apparent
1091 3528 1142 3563 nou
1160 3511 1285 3578 Apollinis
1302 3514 1403 3566 demum
1421 3518 1496 3572 ellisto
1513 3523 1559 3573 sed
1575 3527 1640 3576 suti·

172 3621 237 3674 qnae
254 3602 391 3653 simultatis
408 3601 562 3652 conscientie
579 3599 668 3669 Lujum
692 3619 707 3650 a
724 3604 888 3668 procreandis
905 3601 995 3652 liberis
1011 3600 1174 3652 absterritum
1192 3621 1254 3654 esse.
1297 3605 1374 3672 Quod
1395 3610 1460 3658 enirn
1477 3611 1580 3666 fuerumt
1598 3620 1642 3684 qui

171 3716 203 3749 ex
221 3695 315 3762 Oedipi
338 3695 408 3764 regis
429 3692 512 3745 verbis
534 3693 604 3758 apud
621 3691 772 3758 Sophoclem
797 3711 819 3745 v.
837 3693 916 3768 2602,
935 3691 961 3746 εἰ
976 3691 1054 3764 κείνῳ
1072 3694 1150 3762 γένος
1167 3693 1205 3762 μή
1225 3693 1397 3767 'doctrinan
1415 3703 1477 3753 olim
1494 3715 1640 3771 procreatos

169 3790 224 3838 fsto
240 3785 313 3834 illum
331 3786 446 3834 arrisisse
463 3784 628 3852 colligerent,
652 3787 798 3851 neutiquam
822 3790 991 3838 necessarium
1008 3806 1063 3840 esse
1080 3790 1230 3856 interpretes
1247 3797 1315 3842 recte
1333 3793 1527 3858 intellexerunt,
1550 3804 1639 3854 miror·

171 3897 220 3948 que
233 3877 416 3937 Welcberurn,
434 3878 477 3943 qui
495 3877 554 3943 (Ep.
566 3876 639 3944 kal.
651 3893 677 3943 p.
688 3877 750 3942 238)
768 3877 917 3943 perssmdcri
934 3879 983 3929 sibi
998 3895 1089 3945 pessus
1107 3886 1160 3940 est,
1180 3886 1209 3930 ut
1225 3880 1307 3941 lilios,
1325 3902 1389 3951 quos
1400 3885 1558 3956 Pherecydes
1570 3895 1640 3960 apud

173 3973 258 4024 Sclrol.
284 3971 377 4021 l‘boen.
402 3987 426 4021 v.
445 3969 481 4018 55
504 3969 633 4036 Oedipum
657 3985 686 4020 ex
709 3968 806 4019 locuste
830 3973 970 4040 suscepisse
993 3974 1116 4036 tradidit,
1142 3975 1177 4026 ad
1195 3973 1284 4046 Lnjum
1309 3983 1456 4034 transferret
1481 3989 1557 4053 utque
1580 3989 1638 4041 inde

171 4068 254 4119 locum
272 4067 345 4118 illum
364 4061 530 4132 Sopboclerun
546 4063 629 4115 luceru
646 4063 759 4130 accipere
777 4058 906 4116 uerteret!

1171 4153 1242 4225 15*
