3684 4624
774 413 1079 499 -110-

191 645 253 712 ea,
284 645 384 722 quae
409 624 516 700 idem
537 624 605 700 ille
631 624 808 723 hymnus
832 625 1090 712 Homericus,
1118 625 1226 700 unde
1244 625 1473 724 Apollinem
1498 629 1673 729 Tilphu·

190 772 296 848 sium
323 774 470 873 pariter
494 799 537 852 ac
560 771 743 873 Delphici
770 772 953 870 draconis
977 772 1166 848 victorem
1191 775 1492 873 cognoscimus,
1519 777 1670 897 degy-

182 924 325 1044 phone
349 925 454 1026 ‘olim
489 949 510 1001 a
535 930 700 1001 Junone
731 935 859 999 matre
892 920 1017 1020 ipsius
1043 921 1236 1018 Pythonis
1262 947 1379 1022 curae
1406 925 1550 999 tradito
1574 949 1666 1003 aar·

188 1085 248 1148 rat
262 1041 358 1164 116),
397 1095 517 1168 quem
551 1097 681 1170 qairrm
709 1070 799 1147 luce
826 1069 970 1145 clarius
997 1067 1047 1142 sit
1071 1067 1175 1141 nihil
1202 1067 1311 1143 aliud
1337 1068 1561 1167 significare
1586 1072 1664 1157 nisi

96 1219 98 1230 '
188 1219 355 1295 vortices
382 1219 462 1294 sive
490 1219 670 1294 turbines
698 1216 938 1317 procellosos
964 1217 1050 1314 ¹5⁷⁷),
1077 1243 1179 1318 quos
1200 1220 1381 1318 quamvis
1406 1219 1511 1295 adria
1537 1221 1664 1319 specie
1710 1243 1717 1258 ⁸

188 1389 210 1440 a
242 1377 344 1440 terra
382 1379 517 1442 tamen
555 1366 726 1444 exhalari
767 1369 887 1444 etiam
921 1370 1117 1468 posterior
1152 1384 1255 1446 aetas
1293 1369 1460 1447 credidit
1489 1371 1576 1468 ¹³⁸),
1614 1397 1668 1452 ne

177 1511 408 1630 §phingem
447 1516 611 1614 quidem
648 1515 698 1592 ad
735 1516 812 1591 hoc
848 1515 1094 1593 naturalium
1134 1517 1308 1616 pestium
1350 1541 1477 1616 genus
1517 1516 1667 1596 referre

188 1633 481 1754 dubitabimus,
516 1633 639 1764 cyrtam
676 1677 714 1740 et
743 1663 871 1763 ipsam
903 1686 923 1739 a
960 1672 1126 1742 Junone
1157 1666 1323 1742 missam
1351 1666 1417 1762 ¹5⁹)
1455 1667 1661 1744 cumillis

186 1932 252 1980 unde
278 1930 354 1980 simul
377 1935 484 1996 apparet
509 1947 558 1995 qao
577 1931 637 1997 jure
655 1925 810 1980 Welclteras
835 1925 878 1992 (ei.
897 1931 948 1976 not.
966 1923 1028 1990 111)
1052 1941 1068 1973 a
1084 1921 1146 1991 Lajo
1166 1923 1267 1972 demum
1284 1920 1459 1972 calamitatum
1478 1925 1585 1986 seriem,
1613 1943 1666 1992 qua

186 2022 282 2089 Oedipi
299 2024 389 2072 domus
406 2021 549 2073 conflictata
566 2026 620 2080 est,
637 2022 800 2086 repetendam
818 2020 926 2069 darent.

256 2111 320 2178 156)
339 2111 377 2162 Ct.
388 2111 490 2162 Homer.
503 2112 535 2160 il.
553 2114 579 2162 in
591 2111 676 2178 Apoll.
694 2129 717 2163 r.
729 2110 802 2170 505,
821 2109 865 2158 uhi
882 2108 1006 2160 Matthiae
1023 2114 1092 2160 recte
1108 2109 1137 2158 in
1154 2108 1276 2159 auxilium
1295 2107 1399 2158 adhibet
1415 2107 1536 2176 Apollod.
1554 2111 1573 2159 l.
1590 2109 1617 2162 6.
1628 2111 1665 2176 5,

186 2204 229 2268 qui
248 2202 397 2269 Typhonem
420 2209 507 2252 narrat
524 2204 613 2254 dorem
638 2203 664 2250 in
678 2203 818 2268 'Corycium
836 2206 937 2251 enham
954 2198 1084 2259 ablatum,
1111 2215 1161 2266 quo
1180 2201 1280 2249 nomine
1298 2198 1404 2265 Delphis
1427 2201 1525 2266 pariter
1541 2208 1617 2268 atque
1634 2205 1665 2254 in

186 2297 278 2348 Cilicia
301 2297 372 2346 loeus
396 2297 503 2366 insignis
528 2300 583 2345 erat
607 2295 710 2358 (Strabo
729 2295 783 2354 lx,
800 2311 825 2361 p.
845 2294 924 2361 117),
952 2289 1101 2358 Delphynae
1125 2293 1265 2343 dracaenae
1290 2294 1482 2344 custodiendum
1507 2297 1664 2358 tradidisse,

186 2407 262 2456 quam
280 2389 384 2440 eaodem
402 2406 459 2440 eum
472 2387 585 2454 Pythone
602 2389 681 2438 inisse
696 2387 811 2454 saperius
829 2393 881 2438 not.
893 2385 945 2438 111
962 2385 1085 2445 vidimas5
1104 2385 1202 2452 luitque
1219 2385 1282 2435 adeo
1302 2386 1346 2449 qui
1362 2383 1508 2451 Typhonem
1525 2389 1550 2434 et
1562 2385 1661 2453 Pytho·

185 2500 243 2534 ncm
259 2498 306 2549 per
322 2481 589 2551 congrammatismum
605 2486 703 2530 tantum
721 2481 835 2531 diversos
852 2481 1008 2530 existimaret
1025 2479 1070 2550 (ei.
1084 2478 1218 2546 spanhem.
1235 2481 1268 2529 ad
1281 2479 1381 2529 Gallim.
1399 2477 1431 2526 Η.
1449 2479 1473 2527 in
1487 2478 1542 2528 Del.
1559 2495 1582 2528 v.
1593 2477 1663 2544 91),

185 2577 234 2628 etsi
257 2576 329 2626 illias
351 2592 440 2626 nomen
463 2577 576 2642 proiecto
600 2576 694 2626 rectius
718 2591 776 2626 cama
793 2573 900 2626 Platone
921 2574 949 2630 ia
965 2573 1083 2625 Phaedro
1106 2589 1133 2641 p.
1149 2571 1207 2622 150
1217 2572 1241 2621 Α
1258 2571 1291 2621 ah
1308 2589 1337 2621 eo
1355 2569 1425 2637 quod
1442 2576 1481 2620 eat
1498 2567 1573 2638 τύφω
1591 2571 1661 2622 deri·

184 2669 308 2720 vahimus.
338 2667 347 2684 ⁹
982 2685 998 2719 κ

254 2763 316 2830 157)
341 2763 406 2814 Plio.
423 2764 489 2814 illst.
507 2763 565 2816 Nat.
584 2763 615 2812 ll.
634 2762 688 2821 19;
712 2759 1029 2814 Gell.Noet.ntcx1x.
1050 2758 1082 2819 {3
1107 2760 1139 2810 ci.
1156 2757 1229 2808 Voss.
1246 2755 1352 2826 Mythol.
1371 2757 1455 2808 Brieie
1473 2755 1505 2806 Τ.
1521 2755 1540 2815 Ι,
1557 2752 1660 2821 peta.

185 2855 325 2907 llesiodum
347 2858 430 2924 ipsum
454 2856 562 2926 (Theofp
584 2872 607 2906 v.
625 2854 693 2922 507)
721 2853 871 2924 Typhonem
893 2853 941 2907 hoe
957 2861 998 2906 eet
1015 2853 1178 2925 Vapora'num
1196 2857 1299 2904 ventam
1315 2851 1462 2918 appellare,
1486 2855 1548 2918 apto
1563 2852 1662 2902 monuit

185 2951 217 3002 G.
235 2949 393 3004 Hermannus
411 2955 521 3020 Opuscc.
539 2951 569 3000 T.
583 2951 622 3011 ll,
639 2967 665 3019 p.
679 2948 745 3011 181,
763 2950 881 3016 idemque
894 2949 924 2999 T.
937 2947 986 3010 Vl,
1004 2947 1033 2998 P.
1049 2947 1080 3007 1,
1097 2964 1123 3014 p.
1136 2947 1187 2998 171
1210 2953 1278 2998 recto
1300 2945 1470 3014 Gottliagiam
1489 2943 1662 3014 reprehend't‚

187 3049 231 3113 qai
246 3047 378 3114 Τυφάονα
392 3055 417 3099 et
432 3047 542 3116 itpoe'a
559 3048 691 3107 distinxit,
707 3046 767 3096 lieet
785 3047 862 3096 etiam
880 3044 988 3112 hymnus
998 3043 1148 3095 Homericus
1165 3039 1205 3089 his
1222 3039 1353 3090 vocabulis
1370 3040 1514 3106 promiscue
1531 3042 1624 3087 utatur.

167 3119 171 3131 .
256 3139 318 3202 158)
342 3141 408 3192 Plio.
425 3141 568 3196 nisenus
586 3139 619 3189 ll.
635 3137 687 3190 tm
718 3146 793 3188 extra
816 3117 865 3190 har
890 3156 985 3188 causas
1010 3155 1062 3188 nea
1086 3135 1234 3206 raepaaerim
1255 3134 1377 3183 exsistere
1396 3132 1489 3182 iratres
1506 3139 1662 3200 aeratasque,

164 3225 166 3232 ¹
186 3233 307 3302 proraiam
323 3231 454 3282 lietaldum
472 3251 489 3283 ιι
506 3242 619 3294 terra,
645 3233 715 3284 alins
726 3251 787 3284 vero
802 3243 911 3304 propter
927 3251 1037 3304 vapores
1053 3230 1183 3302 saeuitiam
1201 3228 1323 3279 exhalari
1339 3213 1476 3298 ealipr'nem
1494 3235 1590 3279 eertaua
1606 3233 1663 3286 est5

159 3348 163 3394 ‚¹
186 3345 236 3396 quo
253 3328 358 3394 respicit
375 3329 451 3376 etiam
469 3343 523 3393 cap.
541 3325 595 3378 49:
620 3342 687 3376 nane
713 3324 744 3374 de
769 3326 912 3395 repentinis
932 3327 1058 3398 fletebus,
1084 3327 1130 3398 pai
1145 3324 1285 3376 exlralante
1308 3331 1421 3382 terra,
1445 3329 1475 3371 ut
1493 3320 1589 3372 dictata
1605 3327 1661 3380 eet,

159 3472 162 3483 ,
185 3424 267 3474 coorti
281 3439 419 3491 rursusque
437 3419 536 3492 dejecti,
560 3420 662 3470 iuterim
685 3417 795 3469 obducta
814 3419 919 3468 nutrium
936 3427 993 3470 cate
1009 3419 1178 3488 mirltiformes
1197 3417 1341 3473 exsistam
1367 3415 1400 3466 cl'.
1419 3413 1572 3464 Aristoteles
1589 3415 1660 3480 apud

159 3508 163 3593 ἱ
186 3514 272 3566 Senec.
291 3516 409 3583 Quaestt.
427 3515 516 3568 Natar.
534 3514 564 3564 11.
584 3514 631 3566 11ι
661 3520 777 3563 terrenus
800 3529 884 3582 vapor
900 3514 983 3564 atreus
1001 3520 1040 3564 eet
1056 3512 1168 3581 etfama
1186 3509 1293 3566 sinatis,
1317 3507 1363 3576 qai
1384 3514 1519 3564 aeratas,
1543 3505 1660 3556 tonitrua

158 3611 163 3671 J
185 3618 209 3661 et
224 3610 337 3679 salvatae
351 3611 433 3680 facit,
456 3627 506 3676 qaia
523 3612 549 3660 in
567 3610 716 3680 cognatione
734 3607 868 3659 hamonem
884 3607 1060 3667 terrestrium,
1079 3607 1145 3656 unde
1163 3606 1245 3655 fontes
1262 3601 1393 3658 oriuntur,
1412 3601 1438 3648 et
1455 3596 1660 3658 exhalationem,

151 3717 156 3741 ¹
185 3704 251 3753 unde
274 3703 341 3754 renti
366 3707 392 3753 et
414 3701 556 3768 procellae,
579 3701 644 3752 nihil
661 3703 755 3755 miram
771 3705 811 3751 est
828 3717 907 3768 equos
924 3716 1023 3768 qaoque
1040 3699 1067 3748 ia
1084 3697 1179 3748 fabulis
1196 3693 1338 3751 veteribus,
1364 3706 1425 3757 quoa
1442 3688 1511 3739 harad
1529 3705 1588 3738 raro
1603 3688 1661 3738 ion·

184 3797 248 3846 tiam
266 3795 350 3846 locum
367 3801 452 3848 tenere
470 3798 585 3864 superius
604 3797 712 3848 vidimus
738 3797 780 3864 (ei.
798 3803 851 3847 not.
862 3777 925 3860 51)),
951 3801 976 3846 et
994 3795 1058 3846 alios
1075 3795 1118 3859 (ei.
1135 3793 1207 3844 Voss.
1231 3790 1249 3840 l.
1267 3806 1289 3839 e.
1312 3781 1660 3851 '1'.1,p.eattet1>relter.

183 3906 210 3958 p.
222 3889 284 3957 131)
308 3896 333 3942 et
348 3892 432 3957 ipsam
450 3891 629 3956 Arionem=(ef.
646 3897 698 3942 not.
716 3891 763 3960 19)
782 3892 910 3958 Harpyias
928 3897 1022 3942 matres
1040 3890 1182 3956 accepisse,
1207 3901 1315 3953 quarum
1333 3883 1444 3952 imagine
1460 3879 1589 3947 procellas
1606 3879 1660 3948 sig·

184 3983 288 4063 nilicarir
300 3983 361 4039 satis
380 3987 492 4043 constat,
516 3984 549 4033 ei.
566 3981 675 4034 Nitzseh.
694 3987 728 4036 ad
745 3983 819 4035 lion.
838 3983 933 4050 Odyes.
950 3983 989 4043 Α,
1007 3999 1029 4034 r.
1042 3981 1107 4034 att.

255 4074 319 4140 159)
338 4073 477 4145 Sphingem
495 4091 510 4123 a
528 4073 628 4124 danaae
643 4073 691 4126 hoc
710 4081 749 4126 est
765 4080 824 4126 atre
841 4076 946 4126 missam
963 4076 1068 4126 traduat
1089 4073 1212 4124 Phaeder
1229 4070 1298 4138 apud
1316 4067 1400 4122 Schol.
1419 4066 1508 4132 Eurip.
1527 4064 1659 4118 Phaenius.
