3684 4624
749 413 799 434 -
852 365 945 472 ,ιιι
1005 419 1063 448 ..,

168 583 325 664 ducunt
348 575 472 682 patria
504 580 571 660 illa
596 580 838 682 Aegidarum
865 603 989 672 sacra,
1022 606 1123 683 quos
1151 610 1281 684 quum
1307 608 1356 661 eo
1380 586 1638 685 potissimum

169 734 337 812 consilio
376 732 460 832 Laji
497 746 616 832 atque
653 733 796 832 Oedipi
834 737 973 810 Manes
1012 733 1186 833 placasse
1223 736 1422 836 legamus,
1462 749 1510 813 ut
1544 736 1640 812 libe-

169 907 310 959 rorum
342 883 417 959 sibi
450 881 582 982 proles
615 883 844 959 succederet
865 884 957 980 ²⁰¹),
988 883 1099 960 haud
1129 897 1277 960 temere
1308 886 1426 960 nobis
1457 883 1640 983 colligere

169 1035 371 1126 videmur,
396 1058 540 1110 omnes
565 1019 651 1112 illas
678 1034 852 1126 fabulas,
877 1033 1025 1133 quibus
1043 1034 1316 1116 Cadmeorum
1340 1033 1487 1112 domus
1513 1033 1643 1133 regiae

171 1185 395 1274 abundant,
424 1187 746 1262 ceremoniarum
769 1180 972 1284 placandis
997 1180 1072 1257 diis
1098 1179 1236 1256 inferis
1261 1183 1497 1282 generisque
1525 1181 1644 1290 saluti

173 1349 212 1412 et
233 1334 485 1411 diuturnitati
510 1335 557 1410 ab
569 1358 720 1444 eorum
740 1333 894 1411 invidia
914 1333 1086 1409 tuendae
1107 1333 1382 1409 institutarum
1403 1334 1643 1410 memoriam

174 1485 389 1562 continere.
443 1488 494 1559 Et
521 1484 669 1560 Thebis
697 1486 864 1584 quidem
890 1482 936 1558 in
961 1497 1068 1560 tanta
1097 1508 1234 1560 rerum
1263 1486 1451 1562 omnium
1480 1510 1642 1562 conver·

174 1623 306 1728 sione‚
333 1649 482 1750 quanta
504 1633 584 1734 jam
609 1648 701 1711 ante
723 1633 1025 1712 Heraclidarrsm
1049 1635 1224 1712 reditum
1247 1634 1343 1713 sacta
1370 1661 1455 1712 esse
1480 1637 1646 1728 dicitur,

173 1803 330 1894 praeter
350 1810 454 1864 sinas
483 1781 752 1862 illas'inferias
773 1783 956 1863 Dircaeae
982 1784 1083 1860 nihil
1112 1785 1261 1862 horum
1285 1810 1511 1879 sacrorum,
1544 1810 1647 1886 quae

174 1944 280 2024 varia
306 1940 422 2018 variis
453 1939 497 2013 in
528 1937 626 2014 locis
658 1935 782 2014 fuisse
810 1938 1020 2026 videntur,
1052 1933 1218 2012 aetatem
1250 1933 1359 2025 tulit,
1396 1959 1479 2034 quo
1510 1948 1645 2010 tamen

175 2088 345 2190 nequis
374 2098 598 2176 moveatur,
632 2097 686 2158 ut
703 2107 748 2160 ea
774 2106 960 2182 unquam
989 2084 1179 2158 exstitisse
1205 2096 1337 2181 neget,
1375 2082 1489 2158 nulla
1521 2081 1647 2182 magis

177 2241 226 2318 de
264 2259 382 2314 carisa
413 2233 616 2332 Oedipum
656 2230 884 2307 Coloneum
923 2225 1124 2305 Thebanis
1164 2225 1357 2304 infestum
1395 2229 1528 2305 visum
1563 2251 1649 2306 esse

176 2385 446 2484 suspicamur,
464 2403 586 2478 quam
603 2379 697 2476 quia
709 2375 986 2451 Eumenidum
1004 2343 1159 2451 cultum
1174 2377 1648 2454 intermisissentManes·

176 2557 256 2634 que
278 2552 373 2606 suos
393 2525 533 2603 debitis
551 2524 796 2610 honoribus,
825 2548 1001 2622 quorum
1023 2527 1128 2624 apud
1146 2532 1372 2604 Homerum
1393 2530 1511 2606 etiam
1533 2531 1647 2604 vesti-

176 2681 240 2782 gia
259 2689 411 2754 exstant
429 2673 520 2770 909),
545 2673 735 2772 prosequi
755 2673 983 2762 desiissent3
1011 2673 1312 2750 Coloniatarum
1335 2689 1469 2751 autem
1492 2677 1648 2775 religio·

177 2831 299 2908 nibus
318 2840 365 2903 ut
380 2826 548 2909 eandem
563 2825 800 2902 sententiam
818 2819 1086 2911 vindicemus,
1114 2846 1236 2924 quam
1254 2824 1377 2900 modo
1393 2825 1532 2962 priscis
1549 2820 1675 2904 (lad--
1679 2798 1821 2913 li

177 3031 559 3054 Μ

246 3153 314 3220 201)
338 3154 377 3205 Cf.
394 3151 519 3204 Herodoti
544 3149 629 3202 locum
651 3165 707 3217 sup.
730 3154 783 3200 not.
800 3147 837 3201 85
860 3150 1006 3213 laudatum,
1029 3169 1138 3222 quocum
1160 3153 1295 3206 cohaerent
1320 3173 1384 3224 qnae
1401 3155 1540 3219 Pausanias
1562 3160 1651 3205 namt

177 3247 225 3300 lx.
243 3245 268 3297 li.
286 3244 316 3300 82
353 3241 406 3302 τῶν
428 3243 457 3295 dl
480 3237 608 3308 Ἐρινύων
630 3238 684 3293 τῶν
706 3239 875 3298 Aetnensi
901 3241 1055 3306 Οἰδίποδος
1082 3243 1220 3315 Τισαμινῷ
1243 3249 1294 3314 μὲν
1318 3245 1368 3302 οὐκ
1392 3244 1500 3315 ἐγένετό
1523 3245 1648 3317 μήνιμα,

179 3334 332 3394 Αὐτεσίωνι
357 3335 387 3386 δὲ
411 3328 448 3400 ιῷ
470 3329 640 3400 Τισαμενοῦ,
666 3327 733 3393 sices
756 3335 804 3386 καὶ
826 3334 904 3404 παρά
927 3337 994 3399 τούς
1019 3339 1146 3408 Δωριέας
1168 3339 1305 3411 μετῴκησε
1327 3338 1377 3393 τοῦ
1400 3337 1470 3393 θεοῦ
1495 3341 1650 3410 χρήσαντος

178 3447 204 3482 κ.
224 3445 248 3483 r.
267 3428 294 3480 λ.
1016 3439 1021 3448 “

248 3564 316 3632 20⁶2)
339 3561 427 3616 Ludos
445 3562 541 3630 Oedipi
562 3563 682 3614 funebres
699 3563 795 3616 Thebis
818 3565 961 3621 celebratos
983 3577 1162 3624 commemoret
1179 3572 1251 3623 llisd,
1268 3571 1364 3622 xxut.
1381 3571 1453 3632 679,
1478 3572 1581 3639 quossi
1599 3575 1650 3622 ssa-

177 3661 274 3712 tuimue
292 3661 369 3710 etiam
387 3675 510 3727 equorum
527 3659 665 3710 certamine
688 3658 808 3724 adjuncta
824 3657 960 3722 habuisse,
987 3663 1072 3729 qualia
1088 3665 1116 3714 in
1133 3664 1226 3714 ricinis
1243 3663 1366 3716 Onchesti
1382 3667 1416 3715 ad
1433 3664 1544 3730 liepbrni
1559 3664 1649 3714 lenum

178 3753 307 3807 exstitisse
324 3757 423 3803 consul
447 3751 558 3816 (lldller.
575 3750 695 3802 Orchom.
712 3767 738 3816 p.
751 3748 815 3817 8⁴),
841 3752 919 3806 simul
935 3753 1012 3804 etiarn
1029 3753 1198 3820 explicabitur
1216 3757 1342 3820 quomodo
1361 3754 1485 3816 Gelonus,
1508 3769 1573 3806 nova
1590 3753 1650 3804 reli-

175 3847 283 3916 giosum
300 3843 511 3911 Oedipodesrunr
525 3845 611 3904 seles,
629 3834 764 3910 Equestris
781 3859 872 3894 nornen
890 3845 1005 3909 accipere
1023 3845 1152 3911 potnerit,
1172 3845 1298 3912 siquidem
1318 3846 1441 3896 Cadmeae
1459 3850 1484 3896 et
1500 3844 1546 3894 ills
1564 3860 1649 3896 seeum

176 3938 228 3989 hue
245 3937 383 3987 transferre
400 3939 595 3986 consentaneum
612 3941 681 3996 erat,
706 3937 857 4004 praesertim
874 3936 898 3988 si
913 3937 1053 3989 Phoenices
1070 3919 1169 4008 origine
1184 3941 1302 4000 feserunt,
1328 3957 1391 4006 quos
1409 3939 1511 3991 omnine
1532 3944 1591 3992 susal
1609 3940 1654 4004 qui

177 4034 275 4102 primos
291 4047 371 4098 equos
389 4032 417 4082 in
434 4029 568 4086 Graeciam
584 4031 717 4086 sdrexisse
734 4035 868 4091 censeant,
889 4030 922 4086 ef·
940 4030 1066 4102 nothgeri
1083 4029 1217 4086 austun
1236 4033 1266 4084 T.
1277 4033 1316 4094 ΙΙ,
1334 4050 1361 4104 p.
1374 4029 1435 4086 ets.

1186 4130 1233 4194 17
