3674 4636
799 381 1079 470 ..κο-

203 590 374 690 subjeci:
413 593 596 692 φαίνεται
619 594 662 672 δὲ
686 591 752 670 καὶ
777 593 885 694 παρὰ
910 599 1077 684 πολλοῖς
1100 596 1126 696 ἦ
1153 599 1252 700 πρὸς
1276 602 1348 680 τὸν
1372 601 1461 685 oliv
1483 607 1683 710 Ἰοφῶντα

201 740 389 838 γενομένη
421 741 509 838 δίκη
540 740 659 815 ποτέ·
695 737 905 839 ἔχωνγὰρ
931 742 975 818 ἐκ
998 741 1070 834 μὲν
1095 743 1368 847 Νικοστράτης
1390 747 1601 851 Ἰοφῶντα,
1632 763 1678 836 ἐκ

200 887 243 964 δὲ
270 888 464 986 θεωρίδος
486 886 709 971 Σικυωνίας
731 883 953 986 Ἀρίστωνα,
980 887 1052 964 τὸν
1074 893 1120 968 ἐκ
1144 893 1290 972 τούτου
1313 899 1527 995 γενόμενον
1550 903 1675 984 παῖδα

200 1035 410 1137 Σοφοκλέα
443 1033 617 1128 τοῦνομα
651 1035 777 1110 πλέον
805 1041 976 1135 ἔστεργε,
1010 1042 1077 1116 καὶ
1109 1063 1207 1120 ποτε
1239 1050 1282 1122 ἐν
1307 1046 1472 1146 δράματι
1496 1052 1674 1154 tissime

200 1185 272 1260 τὸν
285 1182 479 1284 Ἰοφῶντα
502 1180 612 1284 αὐτῷ
635 1182 868 1283 φθονοῦντα
891 1181 957 1258 καὶ
979 1184 1079 1285 πρὸς
1097 1187 1195 1276 τούς
1210 1189 1412 1294 φράτορας
1431 1199 1672 1295 ἐγκαλοῦντα

200 1335 259 1434 τῷ
285 1331 406 1432 πατρὶ
432 1330 488 1418 ὠς
511 1327 592 1408 ὑπὸ
614 1329 747 1430 γήρως
771 1336 1113 1434 παραφρονοῦντι,
1141 1344 1179 1416 οἱ
1200 1340 1242 1416 δὲ
1267 1344 1324 1442 τῷ
1348 1341 1526 1443 'leptim
1551 1353 1674 1429 ἔπη).

199 1493 345 1583 μηόαν·
377 1480 559 1582 Σάτυρος
584 1482 627 1557 δι’
653 1489 775 1581 φησιν
798 1477 922 1556 αὐτὸν
948 1485 1088 1575 εἰπεῖν,
1116 1485 1149 1560 εὶ
1171 1485 1244 1577 μέν
1268 1487 1343 1581 εἰμι
1366 1491 1596 1591 Σοφοκλῆς,
1623 1495 1674 1572 οὐ

199 1635 464 1738 παραφρονῶ,
499 1633 604 1712 εἰδὲ
634 1634 897 1734 παραφρονῶ,
935 1630 1008 1708 οὐκ
1033 1633 1109 1728 εἰμὶ
1132 1637 1365 1736 Σοφοκλῆς,
1401 1641 1467 1716 καὶ
1489 1638 1575 1718 τότε
1588 1643 1674 1722 τὸν

201 1787 389 1864 Οἰδίποδα
400 1782 719 1881 παραναγνῶναι.
753 1779 857 1854 Hinc
875 1781 1048 1878 primus,
1065 1783 1111 1857 ni
1127 1781 1258 1876 fallor,
1275 1789 1425 1866 Petitus
1438 1791 1488 1888 ⁴⁹)
1504 1793 1674 1874 curiales

199 1938 243 2013 in
266 1935 343 2013 hac
367 1956 485 2011 causa
509 1896 705 2028 judicasse
728 1929 903 2030 collegit,
930 1930 1096 2032 ejusque
1120 1938 1332 2015 auctoritas
1355 1941 1474 2019 etiam
1496 1949 1675 2046 sequen·'

197 2083 305 2157 tibus
335 2083 389 2157 ita
418 2078 632 2178 imposuit,
667 2090 715 2152 ut
741 2077 859 2155 etiam
887 2079 921 2154 si
940 2081 1152 2178 ¹judicium
1181 2109 1309 2185 ,penes
1343 2085 1433 2168 illos
1468 2116 1554 2170 esse
1583 2119 1670 2180 non

197 2229 376 2333 potuisse
411 2226 678 2325 intelligerent
708 2225 780 2322 ⁴5),
820 2225 971 2327 aliquas
1003 2244 1140 2307 tamen
1176 2232 1342 2310 illorum
1380 2206 1510 2336 partes
1545 2237 1673 2321 fuisse

199 2378 423 2469 crederent,
448 2398 549 2476 quae
570 2375 622 2452 ad
638 2372 883 2453 familiarum
902 2377 1168 2476 integritatem
1188 2382 1569 2484 perpetuitatemque
1584 2408 1671 2461 ser-

196 2533 368 2610 vandam
397 2543 619 2629 spectarent
647 2526 719 2626 ⁴⁴);
761 2553 870 2604 unus
897 2529 1092 2621 Meierus,
1126 2554 1257 2629 quum
1289 2529 1406 2606 initio
1437 2531 1509 2606 toti
1539 2551 1669 2630 gram·

195 2682 329 2760 matici
351 2678 570 2758 narrationi
595 2676 717 2754 fidem
739 2690 924 2777 negasset
940 2675 1014 2772 ⁴²⁵),
1038 2700 1133 2752 mox
1155 2676 1209 2752 ita
1232 2698 1320 2752 rem
1345 2677 1527 2776 expedire
1550 2699 1668 2754 cona·

194 2845 261 2906 tus
288 2841 348 2903 est
373 2826 450 2920 l⁶),
482 2841 530 2900 ut
559 2824 773 2901 curialium
803 2823 1055 2899 mentionem
1082 2824 1128 2896 in
1155 2822 1224 2900 illa
1251 2846 1337 2900 non
1367 2825 1417 2902 ad
1441 2826 1568 2924 ipsam
1599 2825 1669 2902 de·

194 2973 368 3048 mentiae
394 2972 612 3064 actionem,
638 2973 710 3048 sed
731 2972 780 3049 ad
808 2971 1053 3072 singularem
1076 2971 1283 3070 Sophoclis
1309 2996 1447 3051 casum
1467 2973 1668 3075 pertinere

194 3136 399 3214 statueret,
424 3124 495 3223 qui
522 3149 652 3223 quum
677 3136 866 3224 nepotem
893 3147 939 3200 ex
962 3122 1146 3199 Aristone
1170 3123 1307 3221 spurio
1336 3137 1576 3225 conceptum
1602 3125 1666 3201 in·

192 3281 272 3358 vito
304 3276 391 3354 filio
418 3274 597 3375 legitimo
630 3275 736 3350 inter
773 3274 943 3352 curiales
977 3272 1123 3352 referre
1155 3271 1458 3374 liberorumque
1496 3275 1540 3350 in
1577 3273 1665 3371 jura

259 3537 308 3607 ἀλ)
326 3538 407 3609 Legg.
424 3537 477 3587 stt.
496 3538 527 3587 ll.
546 3536 573 3589 l.
588 3536 639 3598 al,
656 3553 682 3604 p.
697 3534 756 3589 168.

258 3644 307 3712 45)
331 3647 373 3697 Ad
395 3645 541 3698 srclrontem
565 3647 633 3697 enim
649 3663 705 3698 enm
723 3663 827 3698 esuum
843 3650 997 3717 pertinuisse
1014 3649 1094 3700 tradit
1109 3648 1203 3701 Pollux
1221 3651 1313 3704 Onon.
1332 3652 1398 3705 vlu.
1415 3651 1467 3718 aa,
1493 3656 1526 3708 cl.
1541 3653 1663 3708 Matthiae

189 3739 297 3793 llttseell.
313 3739 417 3791 Philoll.
436 3739 466 3788 T.
478 3739 505 3801 l,
523 3756 548 3807 p.
561 3739 619 3792 944
636 3746 663 3792 ct
679 3739 788 3792 Homeri
804 3739 895 3793 Athen.
909 3739 1176 3812 Gesichtsverssssung
1192 3757 1217 3810 p.
1229 3741 1293 3795 386.

256 3850 307 3919 Μ)
326 3851 365 3903 Cf.
383 3851 508 3918 imprimis
526 3834 641 3903 Plutneri
658 3849 778 3924 Beitrige
795 3870 842 3904 zur
858 3851 992 3905 Renuntifs
1010 3853 1035 3904 (L
1054 3855 1100 3902 att
1116 3849 1211 3904 Rechts
1228 3869 1254 3920 p.
1269 3852 1330 3907 103.

254 3952 305 4022 43)
322 3951 489 4004 Attl'rocess
505 3951 606 4020 1139ss-

254 4056 305 4123 46)
323 4057 391 4130 lug.
405 4058 455 4109 Lit.
468 4057 531 4109 zeit
546 4052 630 4116 1826,
648 4053 693 4107 Νι.
704 4056 756 4120 att,
774 4073 799 4126 p.
814 4055 916 4126 199111.
934 4063 960 4110 et
977 4057 1010 4110 de
1027 4055 1269 4128 persalutatus·
1284 4054 1367 4126 pla.
