<?xml version="1.0" encoding="UTF-8"?>
<!DOCTYPE html PUBLIC "-//W3C//DTD XHTML 1.0 Transitional//EN"
    "http://www.w3.org/TR/xhtml1/DTD/xhtml1-transitional.dtd">
<html xmlns="http://www.w3.org/1999/xhtml" xml:lang="en" lang="en">
 <head>
  <title>
</title>
<meta http-equiv="Content-Type" content="text/html;charset=utf-8" />
  <meta name='ocr-system' content='tesseract 3.04.00' />
  <meta name='ocr-capabilities' content='ocr_page ocr_carea ocr_par ocr_line ocrx_word'/>
</head>
<body>
  <div class='ocr_page' id='page_1' title='image "./quaestionumoedi00hermgoog_0132.png"; bbox 0 0 3684 4624; ppageno 0'>
   <div class='ocr_carea' id='block_1_1' title="bbox 765 393 1067 477">
    <p class='ocr_par' dir='ltr' id='par_1_1' title="bbox 765 393 1067 477">
     <span class='ocr_line' id='line_1_1' title="bbox 765 393 1067 477; baseline -0.036 -2"><span class='ocrx_word' id='word_1_1' title='bbox 765 393 1067 477; x_wconf 63' lang='lat' dir='ltr'><strong>-ffl-</strong></span> 
     </span>
    </p>
   </div>
   <div class='ocr_carea' id='block_1_2' title="bbox 176 588 1769 3364">
    <p class='ocr_par' dir='ltr' id='par_1_2' title="bbox 179 588 1652 1149">
     <span class='ocr_line' id='line_1_2' title="bbox 182 588 1652 704; baseline 0.001 -25"><span class='ocrx_word' id='word_1_2' title='bbox 182 604 429 704; x_wconf 76' lang='lat' dir='ltr'><strong>temporibus</strong></span> <span class='ocrx_word' id='word_1_3' title='bbox 461 605 574 703; x_wconf 86' lang='lat' dir='ltr'>quasi</span> <span class='ocrx_word' id='word_1_4' title='bbox 608 601 808 680; x_wconf 86' lang='lat' dir='ltr'><strong>tributum</strong></span> <span class='ocrx_word' id='word_1_5' title='bbox 838 601 1004 678; x_wconf 88' lang='lat' dir='ltr'><strong>numini</strong></span> <span class='ocrx_word' id='word_1_6' title='bbox 1037 602 1138 678; x_wconf 88' lang='lat' dir='ltr'><strong>irato</strong></span> <span class='ocrx_word' id='word_1_7' title='bbox 1172 588 1370 678; x_wconf 70' lang='lat' dir='ltr'><strong>solverent</strong></span> <span class='ocrx_word' id='word_1_8' title='bbox 1400 599 1482 700; x_wconf 70' lang='lat'><strong>¹¹⁴³0).</strong></span> <span class='ocrx_word' id='word_1_9' title='bbox 1543 603 1652 695; x_wconf 85' lang='lat' dir='ltr'><strong>Quid</strong></span> 
     </span>
     <span class='ocr_line' id='line_1_3' title="bbox 181 748 1650 854; baseline -0.003 -26"><span class='ocrx_word' id='word_1_10' title='bbox 181 755 289 854; x_wconf 70' lang='lat' dir='ltr'><strong>qtrod</strong></span> <span class='ocrx_word' id='word_1_11' title='bbox 322 754 544 851; x_wconf 76' lang='lat' dir='ltr'><strong>Antigonae</strong></span> <span class='ocrx_word' id='word_1_12' title='bbox 580 775 741 850; x_wconf 88' lang='lat' dir='ltr'><strong>quoque</strong></span> <span class='ocrx_word' id='word_1_13' title='bbox 775 749 1016 849; x_wconf 87' lang='lat' dir='ltr'><strong>Sophocleae</strong></span> <span class='ocrx_word' id='word_1_14' title='bbox 1053 763 1339 849; x_wconf 81' lang='lat' dir='ltr'><strong>argumentum</strong></span> <span class='ocrx_word' id='word_1_15' title='bbox 1374 748 1515 824; x_wconf 88' lang='lat' dir='ltr'><strong>eodem</strong></span> <span class='ocrx_word' id='word_1_16' title='bbox 1549 748 1650 826; x_wconf 88' lang='lat' dir='ltr'><strong>trahi</strong></span> 
     </span>
     <span class='ocr_line' id='line_1_4' title="bbox 179 897 1650 1001; baseline -0.004 -23"><span class='ocrx_word' id='word_1_17' title='bbox 179 903 324 1001; x_wconf 86' lang='lat' dir='ltr'><strong>possit,</strong></span> <span class='ocrx_word' id='word_1_18' title='bbox 349 901 549 1000; x_wconf 86' lang='lat' dir='ltr'><strong>siquidem</strong></span> <span class='ocrx_word' id='word_1_19' title='bbox 577 913 689 977; x_wconf 88' lang='lat' dir='ltr'><strong>erant</strong></span> <span class='ocrx_word' id='word_1_20' title='bbox 713 900 782 999; x_wconf 84' lang='lat' dir='ltr'><strong>qui</strong></span> <span class='ocrx_word' id='word_1_21' title='bbox 809 903 1062 974; x_wconf 85' lang='lat' dir='ltr'><strong>Haemonem</strong></span> <span class='ocrx_word' id='word_1_22' title='bbox 1083 899 1267 973; x_wconf 87' lang='lat' dir='ltr'><strong>Creontis</strong></span> <span class='ocrx_word' id='word_1_23' title='bbox 1294 897 1425 972; x_wconf 87' lang='lat' dir='ltr'><strong>filium</strong></span> <span class='ocrx_word' id='word_1_24' title='bbox 1453 910 1491 972; x_wconf 94' lang='lat' dir='ltr'><strong>et</strong></span> <span class='ocrx_word' id='word_1_25' title='bbox 1515 897 1650 996; x_wconf 89' lang='lat' dir='ltr'><strong>ipsum</strong></span> 
     </span>
     <span class='ocr_line' id='line_1_5' title="bbox 179 1048 1650 1149; baseline -0.001 -24"><span class='ocrx_word' id='word_1_26' title='bbox 179 1052 286 1127; x_wconf 89' lang='lat' dir='ltr'><strong>inter</strong></span> <span class='ocrx_word' id='word_1_27' title='bbox 311 1074 453 1125; x_wconf 90' lang='lat' dir='ltr'><strong>eorum</strong></span> <span class='ocrx_word' id='word_1_28' title='bbox 479 1073 702 1126; x_wconf 86' lang='lat' dir='ltr'><strong>numerum</strong></span> <span class='ocrx_word' id='word_1_29' title='bbox 727 1048 939 1139; x_wconf 86' lang='lat' dir='ltr'><strong>referrent,</strong></span> <span class='ocrx_word' id='word_1_30' title='bbox 964 1052 1034 1148; x_wconf 88' lang='lat' dir='ltr'><strong>qui</strong></span> <span class='ocrx_word' id='word_1_31' title='bbox 1053 1049 1238 1149; x_wconf 80' lang='lat' dir='ltr'><strong>Sphingis</strong></span> <span class='ocrx_word' id='word_1_32' title='bbox 1261 1048 1491 1128; x_wconf 89' lang='lat' dir='ltr'><strong>crudelitate</strong></span> <span class='ocrx_word' id='word_1_33' title='bbox 1513 1048 1650 1146; x_wconf 82' lang='lat' dir='ltr'><strong>periis-</strong></span> 
     </span>
    </p>

    <p class='ocr_par' dir='ltr' id='par_1_3' title="bbox 176 1163 1769 3364">
     <span class='ocr_line' id='line_1_6' title="bbox 180 1163 1769 1297; baseline -0.003 -23"><span class='ocrx_word' id='word_1_34' title='bbox 180 1212 271 1275; x_wconf 85' lang='lat' dir='ltr'><strong>sent</strong></span> <span class='ocrx_word' id='word_1_35' title='bbox 302 1196 393 1291; x_wconf 58' lang='grc' dir='ltr'><strong>’θὴς</strong></span> <span class='ocrx_word' id='word_1_36' title='bbox 433 1221 556 1297; x_wconf 82' lang='lat' dir='ltr'><strong>quem</strong></span> <span class='ocrx_word' id='word_1_37' title='bbox 589 1198 661 1272; x_wconf 88' lang='lat' dir='ltr'><strong>etsi</strong></span> <span class='ocrx_word' id='word_1_38' title='bbox 692 1197 864 1295; x_wconf 88' lang='lat' dir='ltr'><strong>vulgaris</strong></span> <span class='ocrx_word' id='word_1_39' title='bbox 897 1194 1031 1272; x_wconf 79' lang='lat' dir='ltr'><strong>fabula</strong></span> <span class='ocrx_word' id='word_1_40' title='bbox 1064 1221 1135 1272; x_wconf 93' lang='lat' dir='ltr'><strong>sua</strong></span> <span class='ocrx_word' id='word_1_41' title='bbox 1167 1197 1302 1294; x_wconf 90' lang='lat' dir='ltr'><strong>potius</strong></span> <span class='ocrx_word' id='word_1_42' title='bbox 1332 1219 1459 1272; x_wconf 88' lang='lat' dir='ltr'><strong>manu</strong></span> <span class='ocrx_word' id='word_1_43' title='bbox 1490 1207 1652 1294; x_wconf 87' lang='lat' dir='ltr'><strong>propter</strong></span> <span class='ocrx_word' id='word_1_44' title='bbox 1767 1163 1769 1168; x_wconf 66' lang='lat'><strong>,</strong></span> 
     </span>
     <span class='ocr_line' id='line_1_7' title="bbox 178 1340 1651 1441; baseline -0.003 -21"><span class='ocrx_word' id='word_1_45' title='bbox 178 1343 399 1441; x_wconf 85' lang='lat' dir='ltr'><strong>Antigonae</strong></span> <span class='ocrx_word' id='word_1_46' title='bbox 432 1366 611 1419; x_wconf 87' lang='lat' dir='ltr'><strong>amorem</strong></span> <span class='ocrx_word' id='word_1_47' title='bbox 643 1343 688 1418; x_wconf 91' lang='lat' dir='ltr'><strong>in</strong></span> <span class='ocrx_word' id='word_1_48' title='bbox 721 1341 884 1416; x_wconf 89' lang='lat' dir='ltr'><strong>tumulo</strong></span> <span class='ocrx_word' id='word_1_49' title='bbox 911 1343 1169 1417; x_wconf 89' lang='lat' dir='ltr'><strong>subterraneo</strong></span> <span class='ocrx_word' id='word_1_50' title='bbox 1195 1340 1430 1416; x_wconf 86' lang='lat' dir='ltr'><strong>occubuisse</strong></span> <span class='ocrx_word' id='word_1_51' title='bbox 1456 1341 1651 1432; x_wconf 85' lang='lat' dir='ltr'><strong>tradebat,</strong></span> 
     </span>
     <span class='ocr_line' id='line_1_8' title="bbox 179 1484 1650 1589; baseline -0.002 -25"><span class='ocrx_word' id='word_1_52' title='bbox 179 1491 276 1565; x_wconf 90' lang='lat' dir='ltr'><strong>haec</strong></span> <span class='ocrx_word' id='word_1_53' title='bbox 302 1491 387 1589; x_wconf 89' lang='lat' dir='ltr'><strong>ipsa</strong></span> <span class='ocrx_word' id='word_1_54' title='bbox 412 1505 546 1566; x_wconf 89' lang='lat' dir='ltr'><strong>tamen</strong></span> <span class='ocrx_word' id='word_1_55' title='bbox 573 1513 618 1565; x_wconf 90' lang='lat' dir='ltr'><strong>ex</strong></span> <span class='ocrx_word' id='word_1_56' title='bbox 643 1501 772 1565; x_wconf 84' lang='lat' dir='ltr'><strong>vetere</strong></span> <span class='ocrx_word' id='word_1_57' title='bbox 796 1484 901 1564; x_wconf 84' lang='lat' dir='ltr'><strong>fama</strong></span> <span class='ocrx_word' id='word_1_58' title='bbox 928 1486 1107 1562; x_wconf 86' lang='lat' dir='ltr'><strong>sacrificii</strong></span> <span class='ocrx_word' id='word_1_59' title='bbox 1138 1486 1213 1562; x_wconf 92' lang='lat' dir='ltr'><strong>diis</strong></span> <span class='ocrx_word' id='word_1_60' title='bbox 1242 1485 1380 1570; x_wconf 83' lang='lat' dir='ltr'><strong>inferis</strong></span> <span class='ocrx_word' id='word_1_61' title='bbox 1407 1487 1526 1564; x_wconf 89' lang='lat' dir='ltr'><strong>oblati</strong></span> <span class='ocrx_word' id='word_1_62' title='bbox 1553 1489 1650 1562; x_wconf 89' lang='lat' dir='ltr'><strong>oriri</strong></span> 
     </span>
     <span class='ocr_line' id='line_1_9' title="bbox 179 1633 1650 1739; baseline -0.003 -21"><span class='ocrx_word' id='word_1_63' title='bbox 179 1654 379 1739; x_wconf 85' lang='lat' dir='ltr'><strong>potuerat,</strong></span> <span class='ocrx_word' id='word_1_64' title='bbox 413 1640 477 1714; x_wconf 86' lang='lat' dir='ltr'><strong>cui</strong></span> <span class='ocrx_word' id='word_1_65' title='bbox 512 1663 601 1716; x_wconf 88' lang='lat' dir='ltr'><strong>sero</strong></span> <span class='ocrx_word' id='word_1_66' title='bbox 633 1639 800 1714; x_wconf 89' lang='lat' dir='ltr'><strong>demum</strong></span> <span class='ocrx_word' id='word_1_67' title='bbox 826 1633 1131 1736; x_wconf 89' lang='lat' dir='ltr'><strong>Apollineorum</strong></span> <span class='ocrx_word' id='word_1_68' title='bbox 1164 1647 1320 1724; x_wconf 85' lang='lat' dir='ltr'><strong>vatum,</strong></span> <span class='ocrx_word' id='word_1_69' title='bbox 1352 1635 1513 1734; x_wconf 89' lang='lat' dir='ltr'><strong>qualem</strong></span> <span class='ocrx_word' id='word_1_70' title='bbox 1540 1636 1650 1713; x_wconf 85' lang='lat' dir='ltr'><strong>Tire·</strong></span> 
     </span>
     <span class='ocr_line' id='line_1_10' title="bbox 180 1779 1649 1884; baseline 0.001 -22"><span class='ocrx_word' id='word_1_71' title='bbox 180 1788 281 1864; x_wconf 88' lang='lat' dir='ltr'><strong>siam</strong></span> <span class='ocrx_word' id='word_1_72' title='bbox 305 1787 514 1876; x_wconf 88' lang='lat' dir='ltr'><strong>novimus,</strong></span> <span class='ocrx_word' id='word_1_73' title='bbox 541 1787 752 1862; x_wconf 87' lang='lat' dir='ltr'><strong>auctoritas</strong></span> <span class='ocrx_word' id='word_1_74' title='bbox 780 1784 904 1861; x_wconf 90' lang='lat' dir='ltr'><strong>finem</strong></span> <span class='ocrx_word' id='word_1_75' title='bbox 929 1782 1206 1882; x_wconf 85' lang='lat' dir='ltr'><strong>imposuisset3</strong></span> <span class='ocrx_word' id='word_1_76' title='bbox 1235 1798 1361 1884; x_wconf 86' lang='lat' dir='ltr'><strong>utque</strong></span> <span class='ocrx_word' id='word_1_77' title='bbox 1386 1779 1463 1860; x_wconf 90' lang='lat' dir='ltr'><strong>hoc</strong></span> <span class='ocrx_word' id='word_1_78' title='bbox 1489 1786 1649 1884; x_wconf 91' lang='lat' dir='ltr'><strong>longius</strong></span> 
     </span>
     <span class='ocr_line' id='line_1_11' title="bbox 179 1930 1649 2034; baseline -0.001 -22"><span class='ocrx_word' id='word_1_79' title='bbox 179 1937 350 2034; x_wconf 86' lang='lat' dir='ltr'><strong>petitum</strong></span> <span class='ocrx_word' id='word_1_80' title='bbox 378 1934 576 2023; x_wconf 89' lang='lat' dir='ltr'><strong>videatur,</strong></span> <span class='ocrx_word' id='word_1_81' title='bbox 609 1931 770 2006; x_wconf 89' lang='lat' dir='ltr'><strong>alterius</strong></span> <span class='ocrx_word' id='word_1_82' title='bbox 802 1945 906 2007; x_wconf 88' lang='lat' dir='ltr'><strong>certe</strong></span> <span class='ocrx_word' id='word_1_83' title='bbox 933 1932 1115 2008; x_wconf 88' lang='lat' dir='ltr'><strong>Creontis</strong></span> <span class='ocrx_word' id='word_1_84' title='bbox 1146 1930 1218 2007; x_wconf 87' lang='lat' dir='ltr'><strong>filii</strong></span> <span class='ocrx_word' id='word_1_85' title='bbox 1245 1932 1451 2008; x_wconf 90' lang='lat' dir='ltr'><strong>Menoecei</strong></span> <span class='ocrx_word' id='word_1_86' title='bbox 1477 1947 1649 2010; x_wconf 90' lang='lat' dir='ltr'><strong>mortem</strong></span> 
     </span>
     <span class='ocr_line' id='line_1_12' title="bbox 179 2077 1650 2177; baseline 0.002 -24"><span class='ocrx_word' id='word_1_87' title='bbox 179 2102 227 2153; x_wconf 92' lang='lat' dir='ltr'><strong>eo</strong></span> <span class='ocrx_word' id='word_1_88' title='bbox 253 2080 398 2155; x_wconf 88' lang='lat' dir='ltr'><strong>certius</strong></span> <span class='ocrx_word' id='word_1_89' title='bbox 423 2079 504 2154; x_wconf 92' lang='lat' dir='ltr'><strong>huc</strong></span> <span class='ocrx_word' id='word_1_90' title='bbox 531 2101 782 2166; x_wconf 85' lang='lat' dir='ltr'><strong>revocamus,</strong></span> <span class='ocrx_word' id='word_1_91' title='bbox 816 2103 899 2177; x_wconf 84' lang='lat' dir='ltr'><strong>quo</strong></span> <span class='ocrx_word' id='word_1_92' title='bbox 924 2077 1109 2153; x_wconf 88' lang='lat' dir='ltr'><strong>disertius</strong></span> <span class='ocrx_word' id='word_1_93' title='bbox 1136 2077 1220 2176; x_wconf 89' lang='lat' dir='ltr'><strong>ipse</strong></span> <span class='ocrx_word' id='word_1_94' title='bbox 1244 2078 1455 2177; x_wconf 88' lang='lat' dir='ltr'><strong>Euripides</strong></span> <span class='ocrx_word' id='word_1_95' title='bbox 1481 2080 1650 2162; x_wconf 87' lang='lat' dir='ltr'><strong>declarat</strong></span> 
     </span>
     <span class='ocr_line' id='line_1_13' title="bbox 179 2218 1649 2344; baseline 0.005 -45"><span class='ocrx_word' id='word_1_96' title='bbox 179 2225 286 2322; x_wconf 87' lang='lat' dir='ltr'><strong>apud</strong></span> <span class='ocrx_word' id='word_1_97' title='bbox 301 2224 516 2301; x_wconf 91' lang='lat' dir='ltr'><strong>Dircaeum</strong></span> <span class='ocrx_word' id='word_1_98' title='bbox 535 2223 705 2315; x_wconf 85' lang='lat' dir='ltr'><strong>fontem,</strong></span> <span class='ocrx_word' id='word_1_99' title='bbox 723 2224 794 2300; x_wconf 92' lang='lat' dir='ltr'><strong>ubi</strong></span> <span class='ocrx_word' id='word_1_100' title='bbox 813 2225 930 2300; x_wconf 87' lang='lat' dir='ltr'><strong>draco</strong></span> <span class='ocrx_word' id='word_1_101' title='bbox 948 2218 1046 2302; x_wconf 86' lang='lat' dir='ltr'><strong>olim</strong></span> <span class='ocrx_word' id='word_1_102' title='bbox 1064 2226 1311 2314; x_wconf 83' lang='lat' dir='ltr'><strong>excubuerit,</strong></span> <span class='ocrx_word' id='word_1_103' title='bbox 1332 2228 1382 2305; x_wconf 89' lang='lat' dir='ltr'><strong>ad</strong></span> <span class='ocrx_word' id='word_1_104' title='bbox 1396 2229 1533 2305; x_wconf 88' lang='lat' dir='ltr'><strong>Martis</strong></span> <span class='ocrx_word' id='word_1_105' title='bbox 1547 2230 1649 2344; x_wconf 77' lang='lat' dir='ltr'><strong>iram</strong></span> 
     </span>
     <span class='ocr_line' id='line_1_14' title="bbox 177 2370 1649 2473; baseline 0.001 -21"><span class='ocrx_word' id='word_1_106' title='bbox 177 2372 412 2470; x_wconf 85' lang='lat' dir='ltr'><strong>expiandam</strong></span> <span class='ocrx_word' id='word_1_107' title='bbox 444 2373 549 2449; x_wconf 91' lang='lat' dir='ltr'><strong>hanc</strong></span> <span class='ocrx_word' id='word_1_108' title='bbox 580 2375 742 2450; x_wconf 90' lang='lat' dir='ltr'><strong>caedem</strong></span> <span class='ocrx_word' id='word_1_109' title='bbox 774 2372 860 2448; x_wconf 87' lang='lat' dir='ltr'><strong>fieri</strong></span> <span class='ocrx_word' id='word_1_110' title='bbox 895 2371 1078 2448; x_wconf 89' lang='lat' dir='ltr'><strong>debuisse</strong></span> <span class='ocrx_word' id='word_1_111' title='bbox 1111 2370 1202 2465; x_wconf 49' lang='grc' dir='ltr'><strong>ἰωὴ</strong></span> <span class='ocrx_word' id='word_1_112' title='bbox 1243 2377 1353 2473; x_wconf 89' lang='lat' dir='ltr'><strong>quod</strong></span> <span class='ocrx_word' id='word_1_113' title='bbox 1383 2377 1416 2449; x_wconf 89' lang='lat' dir='ltr'><strong>si</strong></span> <span class='ocrx_word' id='word_1_114' title='bbox 1442 2375 1521 2473; x_wconf 80' lang='lat' dir='ltr'><strong>jam</strong></span> <span class='ocrx_word' id='word_1_115' title='bbox 1547 2377 1649 2454; x_wconf 90' lang='lat' dir='ltr'><strong>illud</strong></span> 
     </span>
     <span class='ocr_line' id='line_1_15' title="bbox 176 2515 1648 2621; baseline 0.001 -25"><span class='ocrx_word' id='word_1_116' title='bbox 176 2522 372 2598; x_wconf 89' lang='lat' dir='ltr'><strong>memoria</strong></span> <span class='ocrx_word' id='word_1_117' title='bbox 398 2523 635 2620; x_wconf 89' lang='lat' dir='ltr'><strong>repetimus,</strong></span> <span class='ocrx_word' id='word_1_118' title='bbox 662 2522 771 2621; x_wconf 73' lang='lat' dir='ltr'><strong>qarod</strong></span> <span class='ocrx_word' id='word_1_119' title='bbox 793 2519 978 2620; x_wconf 90' lang='lat' dir='ltr'><strong>superius</strong></span> <span class='ocrx_word' id='word_1_120' title='bbox 1005 2515 1069 2612; x_wconf 81' lang='lat' dir='ltr'><strong>(cf.</strong></span> <span class='ocrx_word' id='word_1_121' title='bbox 1088 2532 1171 2593; x_wconf 85' lang='lat' dir='ltr'><strong>not.</strong></span> <span class='ocrx_word' id='word_1_122' title='bbox 1192 2520 1277 2616; x_wconf 83' lang='lat' dir='ltr'><strong>tta)</strong></span> <span class='ocrx_word' id='word_1_123' title='bbox 1304 2521 1478 2597; x_wconf 86' lang='lat' dir='ltr'><strong>vidimus</strong></span> <span class='ocrx_word' id='word_1_124' title='bbox 1506 2525 1648 2598; x_wconf 88' lang='lat' dir='ltr'><strong>eodem</strong></span> 
     </span>
     <span class='ocr_line' id='line_1_16' title="bbox 176 2662 1649 2770; baseline -0.001 -24"><span class='ocrx_word' id='word_1_125' title='bbox 176 2671 265 2748; x_wconf 93' lang='lat' dir='ltr'><strong>loco</strong></span> <span class='ocrx_word' id='word_1_126' title='bbox 289 2670 496 2770; x_wconf 88' lang='lat' dir='ltr'><strong>posteriori</strong></span> <span class='ocrx_word' id='word_1_127' title='bbox 519 2683 641 2746; x_wconf 89' lang='lat' dir='ltr'><strong>aetate</strong></span> <span class='ocrx_word' id='word_1_128' title='bbox 667 2691 774 2745; x_wconf 90' lang='lat' dir='ltr'><strong>sacra</strong></span> <span class='ocrx_word' id='word_1_129' title='bbox 791 2681 988 2742; x_wconf 90' lang='lat' dir='ltr'><strong>nocturna</strong></span> <span class='ocrx_word' id='word_1_130' title='bbox 1006 2662 1122 2754; x_wconf 88' lang='lat' dir='ltr'><strong>facta,</strong></span> <span class='ocrx_word' id='word_1_131' title='bbox 1148 2691 1325 2765; x_wconf 82' lang='lat' dir='ltr'><strong>quorum</strong></span> <span class='ocrx_word' id='word_1_132' title='bbox 1347 2670 1518 2747; x_wconf 87' lang='lat' dir='ltr'><strong>maxima</strong></span> <span class='ocrx_word' id='word_1_133' title='bbox 1538 2671 1649 2746; x_wconf 90' lang='lat' dir='ltr'><strong>simi-</strong></span> 
     </span>
     <span class='ocr_line' id='line_1_17' title="bbox 178 2813 1648 2915; baseline 0.002 -22"><span class='ocrx_word' id='word_1_134' title='bbox 178 2819 306 2894; x_wconf 90' lang='lat' dir='ltr'><strong>litudo</strong></span> <span class='ocrx_word' id='word_1_135' title='bbox 323 2831 424 2894; x_wconf 89' lang='lat' dir='ltr'><strong>esset</strong></span> <span class='ocrx_word' id='word_1_136' title='bbox 439 2841 534 2892; x_wconf 90' lang='lat' dir='ltr'><strong>cum</strong></span> <span class='ocrx_word' id='word_1_137' title='bbox 549 2817 599 2890; x_wconf 92' lang='lat' dir='ltr'><strong>iis</strong></span> <span class='ocrx_word' id='word_1_138' title='bbox 615 2839 716 2915; x_wconf 90' lang='lat' dir='ltr'><strong>quae</strong></span> <span class='ocrx_word' id='word_1_139' title='bbox 733 2814 878 2892; x_wconf 90' lang='lat' dir='ltr'><strong>Coloni</strong></span> <span class='ocrx_word' id='word_1_140' title='bbox 895 2813 1002 2912; x_wconf 90' lang='lat' dir='ltr'><strong>apud</strong></span> <span class='ocrx_word' id='word_1_141' title='bbox 1017 2813 1160 2913; x_wconf 90' lang='lat' dir='ltr'><strong>Oedipi</strong></span> <span class='ocrx_word' id='word_1_142' title='bbox 1177 2815 1408 2914; x_wconf 87' lang='lat' dir='ltr'><strong>sepulcrum</strong></span> <span class='ocrx_word' id='word_1_143' title='bbox 1426 2818 1648 2896; x_wconf 89' lang='lat' dir='ltr'><strong>obtinuisse</strong></span> 
     </span>
     <span class='ocr_line' id='line_1_18' title="bbox 178 2962 1647 3070; baseline 0 -26"><span class='ocrx_word' id='word_1_144' title='bbox 178 2967 363 3068; x_wconf 89' lang='lat' dir='ltr'><strong>Sophocli</strong></span> <span class='ocrx_word' id='word_1_145' title='bbox 389 2965 607 3053; x_wconf 89' lang='lat' dir='ltr'><strong>credimus,</strong></span> <span class='ocrx_word' id='word_1_146' title='bbox 630 2963 693 3038; x_wconf 86' lang='lat' dir='ltr'><strong>&#39;vix</strong></span> <span class='ocrx_word' id='word_1_147' title='bbox 718 2963 860 3061; x_wconf 89' lang='lat' dir='ltr'><strong>procul</strong></span> <span class='ocrx_word' id='word_1_148' title='bbox 886 2986 907 3038; x_wconf 93' lang='lat' dir='ltr'><strong>a</strong></span> <span class='ocrx_word' id='word_1_149' title='bbox 934 2985 1027 3038; x_wconf 88' lang='lat' dir='ltr'><strong>vero</strong></span> <span class='ocrx_word' id='word_1_150' title='bbox 1053 2962 1233 3040; x_wconf 86' lang='lat' dir='ltr'><strong>aberrare</strong></span> <span class='ocrx_word' id='word_1_151' title='bbox 1258 2966 1376 3041; x_wconf 90' lang='lat' dir='ltr'><strong>nobis</strong></span> <span class='ocrx_word' id='word_1_152' title='bbox 1401 2967 1647 3070; x_wconf 73' lang='lat' dir='ltr'><strong>videbimur,</strong></span> 
     </span>
     <span class='ocr_line' id='line_1_19' title="bbox 177 3093 1754 3211; baseline 0.002 -22"><span class='ocrx_word' id='word_1_153' title='bbox 177 3115 248 3189; x_wconf 91' lang='lat' dir='ltr'><strong>ubi</strong></span> <span class='ocrx_word' id='word_1_154' title='bbox 273 3113 345 3191; x_wconf 92' lang='lat' dir='ltr'><strong>has</strong></span> <span class='ocrx_word' id='word_1_155' title='bbox 370 3135 531 3211; x_wconf 87' lang='lat' dir='ltr'><strong>quoque</strong></span> <span class='ocrx_word' id='word_1_156' title='bbox 557 3112 601 3184; x_wconf 93' lang='lat' dir='ltr'><strong>in</strong></span> <span class='ocrx_word' id='word_1_157' title='bbox 623 3123 804 3184; x_wconf 86' lang='lat' dir='ltr'><strong>veterum</strong></span> <span class='ocrx_word' id='word_1_158' title='bbox 824 3110 1078 3188; x_wconf 88' lang='lat' dir='ltr'><strong>victimarum</strong></span> <span class='ocrx_word' id='word_1_159' title='bbox 1101 3112 1375 3189; x_wconf 90' lang='lat' dir='ltr'><strong>humanarum</strong></span> <span class='ocrx_word' id='word_1_160' title='bbox 1398 3114 1534 3192; x_wconf 89' lang='lat' dir='ltr'><strong>locum</strong></span> <span class='ocrx_word' id='word_1_161' title='bbox 1557 3143 1646 3194; x_wconf 90' lang='lat' dir='ltr'><strong>suc·</strong></span> <span class='ocrx_word' id='word_1_162' title='bbox 1735 3093 1754 3120; x_wconf 56' lang='lat'>⁸</span> 
     </span>
     <span class='ocr_line' id='line_1_20' title="bbox 179 3257 1646 3364; baseline 0.001 -25"><span class='ocrx_word' id='word_1_163' title='bbox 179 3264 339 3340; x_wconf 89' lang='lat' dir='ltr'><strong>cessisse</strong></span> <span class='ocrx_word' id='word_1_164' title='bbox 356 3258 664 3359; x_wconf 89' lang='lat' dir='ltr'><strong>conjecerimus,</strong></span> <span class='ocrx_word' id='word_1_165' title='bbox 687 3271 891 3356; x_wconf 87' lang='lat' dir='ltr'><strong>totamque</strong></span> <span class='ocrx_word' id='word_1_166' title='bbox 909 3258 1052 3360; x_wconf 91' lang='lat' dir='ltr'><strong>Oedipi</strong></span> <span class='ocrx_word' id='word_1_167' title='bbox 1071 3257 1267 3350; x_wconf 88' lang='lat' dir='ltr'><strong>fabulam,</strong></span> <span class='ocrx_word' id='word_1_168' title='bbox 1292 3286 1374 3360; x_wconf 85' lang='lat' dir='ltr'><strong>quo</strong></span> <span class='ocrx_word' id='word_1_169' title='bbox 1390 3264 1528 3341; x_wconf 89' lang='lat' dir='ltr'><strong>omnia</strong></span> <span class='ocrx_word' id='word_1_170' title='bbox 1546 3287 1646 3364; x_wconf 89' lang='lat' dir='ltr'><strong>quae</strong></span> 
     </span>
    </p>
   </div>
   <div class='ocr_carea' id='block_1_3' title="bbox 244 3510 1089 3590">
    <p class='ocr_par' dir='ltr' id='par_1_4' title="bbox 244 3510 1089 3590">
     <span class='ocr_line' id='line_1_21' title="bbox 244 3510 1089 3590; baseline -0.006 -22"><span class='ocrx_word' id='word_1_171' title='bbox 244 3515 312 3584; x_wconf 80' lang='lat' dir='ltr'><strong>too)</strong></span> <span class='ocrx_word' id='word_1_172' title='bbox 330 3512 463 3584; x_wconf 76' lang='grc' dir='ltr'><em>Σκληροῖς</em></span> <span class='ocrx_word' id='word_1_173' title='bbox 480 3510 582 3566; x_wconf 74' lang='grc' dir='ltr'><strong><em>ἀοιδοῦ</em></strong></span> <span class='ocrx_word' id='word_1_174' title='bbox 595 3512 725 3590; x_wconf 39' lang='lat' dir='ltr'><strong>&#39;datatim</strong></span> <span class='ocrx_word' id='word_1_175' title='bbox 752 3513 830 3581; x_wconf 78' lang='lat' dir='ltr'><strong>Soplr.</strong></span> <span class='ocrx_word' id='word_1_176' title='bbox 849 3512 911 3565; x_wconf 75' lang='lat' dir='ltr'><strong>oea.</strong></span> <span class='ocrx_word' id='word_1_177' title='bbox 930 3515 992 3580; x_wconf 74' lang='lat' dir='ltr'><strong>Tyr.</strong></span> <span class='ocrx_word' id='word_1_178' title='bbox 1009 3531 1032 3567; x_wconf 78' lang='lat' dir='ltr'><strong>v.</strong></span> <span class='ocrx_word' id='word_1_179' title='bbox 1044 3513 1089 3565; x_wconf 81' lang='grc'><strong>56.</strong></span> 
     </span>
    </p>
   </div>
   <div class='ocr_carea' id='block_1_4' title="bbox 175 3625 1645 3978">
    <p class='ocr_par' dir='ltr' id='par_1_5' title="bbox 175 3625 1645 3978">
     <span class='ocr_line' id='line_1_22' title="bbox 245 3625 1645 3696; baseline 0.001 -17"><span class='ocrx_word' id='word_1_180' title='bbox 245 3626 309 3695; x_wconf 82' lang='lat' dir='ltr'><strong>tot)</strong></span> <span class='ocrx_word' id='word_1_181' title='bbox 328 3627 397 3680; x_wconf 76' lang='lat' dir='ltr'><strong>Satis</strong></span> <span class='ocrx_word' id='word_1_182' title='bbox 414 3628 545 3694; x_wconf 76' lang='lat' dir='ltr'><strong>antiquam</strong></span> <span class='ocrx_word' id='word_1_183' title='bbox 561 3628 655 3676; x_wconf 78' lang='lat' dir='ltr'><strong>famam</strong></span> <span class='ocrx_word' id='word_1_184' title='bbox 671 3625 807 3675; x_wconf 82' lang='lat' dir='ltr'><strong>ostendunt</strong></span> <span class='ocrx_word' id='word_1_185' title='bbox 825 3640 912 3676; x_wconf 82' lang='lat' dir='ltr'><strong>versus</strong></span> <span class='ocrx_word' id='word_1_186' title='bbox 930 3643 961 3676; x_wconf 84' lang='lat' dir='ltr'><strong>ex</strong></span> <span class='ocrx_word' id='word_1_187' title='bbox 972 3625 1120 3692; x_wconf 75' lang='lat' dir='ltr'><strong>Oedipoden</strong></span> <span class='ocrx_word' id='word_1_188' title='bbox 1132 3627 1228 3694; x_wconf 77' lang='lat' dir='ltr'><strong>cyclica</strong></span> <span class='ocrx_word' id='word_1_189' title='bbox 1239 3631 1309 3696; x_wconf 78' lang='lat' dir='ltr'><strong>apud</strong></span> <span class='ocrx_word' id='word_1_190' title='bbox 1321 3630 1405 3684; x_wconf 86' lang='lat' dir='ltr'><strong>Sebol.</strong></span> <span class='ocrx_word' id='word_1_191' title='bbox 1419 3633 1512 3686; x_wconf 75' lang='lat' dir='ltr'><strong>Phoen.</strong></span> <span class='ocrx_word' id='word_1_192' title='bbox 1525 3653 1547 3688; x_wconf 81' lang='lat' dir='ltr'><strong>v.</strong></span> <span class='ocrx_word' id='word_1_193' title='bbox 1561 3637 1645 3690; x_wconf 63' lang='grc'><strong>1748,</strong></span> 
     </span>
     <span class='ocr_line' id='line_1_23' title="bbox 528 3712 1244 3785; baseline -0.003 -11"><span class='ocrx_word' id='word_1_194' title='bbox 528 3716 590 3774; x_wconf 70' lang='grc' dir='ltr'><strong>ἀλλ’</strong></span> <span class='ocrx_word' id='word_1_195' title='bbox 607 3718 647 3773; x_wconf 79' lang='grc' dir='ltr'><strong>ἔτι</strong></span> <span class='ocrx_word' id='word_1_196' title='bbox 665 3717 813 3772; x_wconf 75' lang='grc' dir='ltr'><strong><em>κάλλιστόν</em></strong></span> <span class='ocrx_word' id='word_1_197' title='bbox 828 3735 857 3770; x_wconf 83' lang='lat' dir='ltr'><strong>rt</strong></span> <span class='ocrx_word' id='word_1_198' title='bbox 873 3720 922 3774; x_wconf 85' lang='grc' dir='ltr'><strong>καὶ</strong></span> <span class='ocrx_word' id='word_1_199' title='bbox 940 3716 1134 3785; x_wconf 76' lang='grc' dir='ltr'><strong><em>ι’μιροέοτατον</em></strong></span> <span class='ocrx_word' id='word_1_200' title='bbox 1149 3712 1244 3772; x_wconf 77' lang='grc' dir='ltr'><em>ἄλλων</em></span> 
     </span>
     <span class='ocr_line' id='line_1_24' title="bbox 519 3807 1267 3881; baseline 0.003 -15"><span class='ocrx_word' id='word_1_201' title='bbox 519 3807 609 3866; x_wconf 72' lang='grc' dir='ltr'><strong><em>’παῖδε</em></strong></span> <span class='ocrx_word' id='word_1_202' title='bbox 626 3812 709 3881; x_wconf 73' lang='grc' dir='ltr'><strong><em>φίλον</em></strong></span> <span class='ocrx_word' id='word_1_203' title='bbox 727 3811 877 3881; x_wconf 69' lang='grc' dir='ltr'><strong><em>Κρείοντος</em></strong></span> <span class='ocrx_word' id='word_1_204' title='bbox 894 3809 1042 3880; x_wconf 70' lang='grc' dir='ltr'><strong><em>ἀμύμονος</em></strong></span> <span class='ocrx_word' id='word_1_205' title='bbox 1060 3812 1174 3880; x_wconf 77' lang='grc' dir='ltr'><strong><em>Αἵμονα</em></strong></span> <span class='ocrx_word' id='word_1_206' title='bbox 1193 3816 1267 3881; x_wconf 79' lang='grc' dir='ltr'><strong><em>δῖον,</em></strong></span> 
     </span>
     <span class='ocr_line' id='line_1_25' title="bbox 175 3907 1166 3978; baseline -0.006 -14"><span class='ocrx_word' id='word_1_207' title='bbox 175 3913 284 3965; x_wconf 79' lang='lat' dir='ltr'><strong>undeet</strong></span> <span class='ocrx_word' id='word_1_208' title='bbox 301 3909 474 3978; x_wconf 73' lang='lat' dir='ltr'><strong>Apollodorus</strong></span> <span class='ocrx_word' id='word_1_209' title='bbox 491 3914 517 3960; x_wconf 81' lang='lat' dir='ltr'><strong>et</strong></span> <span class='ocrx_word' id='word_1_210' title='bbox 534 3913 685 3976; x_wconf 68' lang='lat' dir='ltr'><strong>permeatur</strong></span> <span class='ocrx_word' id='word_1_211' title='bbox 702 3907 826 3958; x_wconf 70' lang='lat' dir='ltr'><strong>Pisandes</strong></span> <span class='ocrx_word' id='word_1_212' title='bbox 843 3925 890 3958; x_wconf 83' lang='lat' dir='ltr'><strong>sua</strong></span> <span class='ocrx_word' id='word_1_213' title='bbox 906 3907 1024 3958; x_wconf 80' lang='lat' dir='ltr'><strong>babuisse</strong></span> <span class='ocrx_word' id='word_1_214' title='bbox 1040 3909 1166 3959; x_wconf 82' lang='lat' dir='ltr'><strong>videntur.</strong></span> 
     </span>
    </p>
   </div>
   <div class='ocr_carea' id='block_1_5' title="bbox 244 3989 1505 4096">
    <p class='ocr_par' dir='ltr' id='par_1_6' title="bbox 244 3989 1505 4096">
     <span class='ocr_line' id='line_1_26' title="bbox 244 3989 1505 4096; baseline 0.002 -22"><span class='ocrx_word' id='word_1_215' title='bbox 244 3989 309 4089; x_wconf 68' lang='lat' dir='ltr'><strong>iffi)</strong></span> <span class='ocrx_word' id='word_1_216' title='bbox 332 4021 422 4089; x_wconf 79' lang='lat' dir='ltr'><strong>Eurip.</strong></span> <span class='ocrx_word' id='word_1_217' title='bbox 440 4019 570 4072; x_wconf 73' lang='lat' dir='ltr'><strong>Phoenice.</strong></span> <span class='ocrx_word' id='word_1_218' title='bbox 588 4039 611 4073; x_wconf 71' lang='grc' dir='ltr'><strong>ν.</strong></span> <span class='ocrx_word' id='word_1_219' title='bbox 623 4018 678 4074; x_wconf 82' lang='grc'><strong>958</strong></span> <span class='ocrx_word' id='word_1_220' title='bbox 691 4037 763 4088; x_wconf 80' lang='lat' dir='ltr'><strong>sqq.;</strong></span> <span class='ocrx_word' id='word_1_221' title='bbox 789 4023 820 4072; x_wconf 77' lang='lat' dir='ltr'><strong>cf.</strong></span> <span class='ocrx_word' id='word_1_222' title='bbox 839 4021 904 4074; x_wconf 76' lang='lat' dir='ltr'><strong>stat.</strong></span> <span class='ocrx_word' id='word_1_223' title='bbox 923 4018 1001 4070; x_wconf 80' lang='lat' dir='ltr'><strong>Theb.</strong></span> <span class='ocrx_word' id='word_1_224' title='bbox 1020 4019 1052 4069; x_wconf 83' lang='lat' dir='ltr'><strong>X.</strong></span> <span class='ocrx_word' id='word_1_225' title='bbox 1070 4016 1129 4071; x_wconf 78' lang='lat'><strong>60¹1</strong></span> <span class='ocrx_word' id='word_1_226' title='bbox 1144 4024 1171 4071; x_wconf 80' lang='lat' dir='ltr'><strong>et</strong></span> <span class='ocrx_word' id='word_1_227' title='bbox 1186 4019 1306 4072; x_wconf 72' lang='lat' dir='ltr'><strong>Philum.</strong></span> <span class='ocrx_word' id='word_1_228' title='bbox 1325 4022 1424 4096; x_wconf 78' lang='lat' dir='ltr'><strong>Imagg.</strong></span> <span class='ocrx_word' id='word_1_229' title='bbox 1442 4027 1461 4076; x_wconf 86' lang='lat' dir='ltr'><strong>l.</strong></span> <span class='ocrx_word' id='word_1_230' title='bbox 1477 4025 1505 4076; x_wconf 82' lang='lat' dir='ltr'><strong>t.</strong></span> 
     </span>
    </p>
   </div>
   <div class='ocr_carea' id='block_1_6' title="bbox 0 0 1846 4624">
    <p class='ocr_par' dir='ltr' id='par_1_7' title="bbox 0 0 1846 4624">
     <span class='ocr_line' id='line_1_27' title="bbox 0 0 1846 4624; baseline 0 2"><span class='ocrx_word' id='word_1_231' title='bbox 0 0 1846 4624; x_wconf 95' lang='lat' dir='ltr'><strong> </strong></span> 
     </span>
    </p>
   </div>
  </div>
 </body>
</html>
