3674 4636
803 393 1085 519 “⁰¹³²ss

210 601 277 663 tur
298 597 515 694 anapaesti,
543 599 691 699 quibus
715 599 841 678 finem
868 600 1025 688 fabulae
1048 605 1199 684 lactum
1224 631 1309 686 esse
1336 609 1610 708 probabiliter,
1638 626 1688 688 ut

208 741 322 820 nobis
348 747 552 841 videmur,
578 752 836 852 conjicimus:

564 907 679 1012 Πᾷσα
704 909 779 1009 γὰρ
807 909 949 1014 ἀνδρὸς
973 913 1121 990 κακίων
1145 909 1300 1007 ἄλοχος

750 1058 840 1139 lida)
864 1063 887 1139 ὁ
910 1061 1090 1147 κάκιστος

627 1205 737 1309 Γήμῃ
761 1209 837 1310 τήν
862 1189 1143 1307 ennoematicae
1160 1207 1232 1307 ⁴⁰),

204 1344 315 1421 unde
339 1347 400 1422 vel
428 1349 472 1423 in
495 1352 947 1456 tanta-fragmentorum
968 1358 1422 1459 paucitatesententiam
1445 1359 1683 1438 consilium·

204 1515 282 1593 que
304 1495 444 1593 poetae
465 1500 558 1576 satis
581 1500 684 1580 clare
703 1529 891 1606 apparere
911 1521 1115 1608 putamus.
1159 1511 1302 1582 Unum
1323 1520 1521 1606 praeterea
1541 1521 1683 1600 restat,

201 1637 294 1714 licet
319 1640 493 1720 incertae
520 1649 642 1739 sedis,
670 1654 778 1751 apud
803 1656 1019 1742 stobaeum
1047 1657 1145 1731 hoc:

397 1791 539 1884 Ἀλλως
563 1826 605 1876 τε
631 1801 794 1880 πάντων
817 1805 1136 1902 ὃυςμαχώτατον
1159 1803 1262 1905 γυνή
1284 1806 1356 1902 ⁴¹),

201 1964 284 2038 quo
310 1956 348 2017 et
368 1944 456 2043 ipso
480 1946 611 2047 aliqua
637 1951 776 2051 culpae
798 1979 888 2054 pars
909 1958 958 2035 ad
978 1961 1152 2034 locastae
1174 1959 1448 2059 instigationes
1473 1961 1678 2040 transferri

200 2088 375 2179 videtum
405 2092 549 2200 virque
578 2098 829 2194 dubitamus,
857 2106 957 2203 quin
983 2096 1194 2206 praecipua
1222 2108 1435 2207 utriusque
1466 2111 1604 2208 politae
1632 2112 1678 2187 in

200 2236 278 2310 hoc
313 2258 549 2338 argumento
585 2231 790 2328 tractando
825 2256 1026 2332 diversitas
1060 2257 1104 2330 in
1139 2260 1313 2334 locastae
1345 2279 1517 2355 persona
1549 2260 1679 2357 posita

199 2381 331 2460 suerit.
386 2389 512 2490 Cujus
538 2421 662 2494 qnam
687 2401 884 2500 sapienter
906 2404 1121 2504 Sophocles
1147 2417 1277 2505 partes
1304 2394 1571 2504 descripserit,
1595 2407 1674 2506 ipsi

199 2530 368 2634 legendo
392 2540 542 2638 optime
565 2553 831 2646 cognoscetis3
858 2557 929 2656 qui
949 2583 1080 2657 quum
1101 2554 1360 2633 intellexisset
1380 2558 1478 2634 adeo
1499 2558 1672 2634 similem

197 2686 286 2761 sibi'
306 2690 520 2794 utriusque
556 2700 736 2804 conjugis
773 2703 978 2787 fortunam
1015 2729 1119 2796 esse,
1158 2715 1205 2778 ut
1237 2700 1351 2780 facile
1389 2705 1509 2782 dividi
1549 2707 1675 2805 inque

198 2839 369 2920 diversas
401 2863 530 2944 partes
565 2853 729 2931 distrahi
762 2875 1031 2958 spectatorum
1062 2869 1101 2933 et
1127 2856 1402 2933 benevolentia
1437 2869 1476 2931 et
1507 2859 1674 2934 commi·

198 2990 341 3066 seratio
364 3011 515 3091 posset,
542 3004 737 3080 Iocastam
761 3031 845 3084 non
866 3007 1039 3107 amplius
1063 3008 1108 3083 in
1130 3031 1291 3084 scenam
1315 3010 1521 3110 produxit,
1549 3035 1672 3110 quam

197 3143 468 3219 necessarium
497 3164 600 3225 esset
624 3153 673 3228 ad
699 3155 756 3230 rei
782 3155 1145 3235 manifestationem
1171 3157 1298 3257 ipsius
1327 3160 1600 3260 imprudentia
1628 3171 1673 3238 a'e

197 3294 417 3372 temeritate
448 3305 756 3401 properandam,
793 3310 906 3408 prius
938 3324 1072 3385 tamen
1101 3330 1223 3408 quam
1250 3309 1334 3408 ipsa
1358 3309 1508 3408 flagitia
1540 3312 1670 3413 palam

197 3432 296 3514 facta
322 3456 472 3535 essent,
498 3459 605 3527 tanta
633 3479 727 3529 cum
754 3456 950 3536 celeritate
981 3458 1184 3558 abreptam
1211 3458 1290 3535 leto
1319 3456 1557 3538 voluntario
1575 3487 1670 3541 con·

118 3637 123 3650 .
198 3583 318 3678 didit,
343 3603 391 3663 ut
415 3591 597 3673 simulet
623 3600 783 3702 culpam
808 3603 893 3702 ejus
919 3624 958 3685 et
979 3610 1225 3711 supplicium
1246 3624 1482 3712 spectatores
1503 3637 1668 3716 cognos-

197 3753 342 3814 cerent
386 3745 447 3820 De
468 3748 660 3849 Euripide
689 3769 827 3833 contra
855 3758 1029 3839 dubitari
1058 3777 1205 3864 potest,
1237 3789 1341 3843 num
1368 3767 1538 3843 omnino
1563 3768 1676 3890 mori!

194 3893 570 3919 Μ

261 3962 313 4032 40)
331 3965 402 4018 snb.
422 3969 501 4021 Sertn.
519 3973 635 4025 txxttt.
653 3975 704 4040 28,
723 3979 753 4030 T.
766 3981 817 4042 lll,
834 3998 861 4049 p.
873 3979 925 4044 363
949 3985 981 4036 of,
999 3983 1078 4036 ctam.
1096 3983 1169 4035 Atax,
1185 3985 1203 4035 1.
1215 4002 1237 4038 c.
1255 4000 1281 4053 p.
1293 3985 1359 4038 409.

263 4056 310 4127 41)
329 4059 393 4112 tttd.
411 4061 527 4118 Lxxttt.
545 4066 579 4128 tt,
603 4068 634 4119 Τ.
648 4067 698 4128 111,
716 4085 742 4137 p.
753 4071 789 4124 Μ
805 4069 933 4127 Guium.
955 4139 959 4150 ι
