3684 4624
750 387 1059 470 -101-

164 600 271 697 ipsae
304 597 398 674 deae
431 597 656 674 condidisse
689 593 920 673 serebantur
944 601 1012 695 111)
1046 625 1248 701 quamque
1283 617 1395 678 vetus
1423 601 1527 680 sama
1561 602 1651 684 erat

162 749 463 848 Proserpinam,
488 773 619 847 quum
635 747 742 822 Orco
760 745 948 836 nuberet,
971 747 1127 823 donum
1145 747 1324 846 nuptiale
1342 751 1536 850 accepisse
1559 751 1645 848 ¹¹³),

163 923 206 976 ac
239 899 333 975 licet
361 899 439 973 hoc
474 897 560 972 solo
594 909 831 994 argumento
864 896 956 971 satis
990 911 1187 996 appareat,
1225 924 1308 973 non
1341 901 1467 998 magis
1496 901 1642 996 Thebis

115 1121 120 1126 .
163 1074 287 1150 quam
308 1046 461 1124 Colono
488 1047 655 1147 aliisque
681 1048 798 1136 locis,
824 1047 895 1122 ubi
914 1047 1172 1146 Proserpinae
1199 1061 1336 1146 raptus
1362 1060 1401 1122 et
1419 1051 1514 1124 Orci
1540 1076 1643 1150 nup-

163 1197 240 1271 tiae
266 1192 388 1271 factae
414 1219 498 1271 esse
524 1161 789 1271 narrabantur
817 1190 1080 1292 (canossa),
1108 1193 1292 1270 Plutonia
1318 1194 1399 1270 sive
1418 1197 1644 1288 Charonea,

165 1373 266 1450 quae
301 1349 552 1439 dicebantur,
588 1351 723 1426 deesse
757 1342 1050 1448 potuissent),
1086 1343 1423 1458 ceremoniarum,
1460 1371 1561 1444 quae
1594 1347 1647 1423 ad

162 1496 313 1574 inferos
340 1499 540 1597 pertinere
566 1499 777 1574 videantur
803 1510 871 1575 aut
896 1499 1070 1598 aliquam
1092 1522 1186 1571 cum
1211 1485 1501 1574 Colonensibus
1528 1500 1644 1574 simi-

164 1651 348 1725 tudinem
375 1645 565 1739 referant,
591 1662 745 1748 praeter
771 1673 815 1724 ea
842 1671 942 1747 quae
969 1647 1075 1744 apud
1099 1645 1274 1721 filiorum
1297 1622 1439 1747 Oedipi
1463 1649 1644 1749 sepulcra

164 1796 313 1876 fiebant
343 1796 427 1891 111),
465 1823 597 1873 unum
625 1811 783 1874 tantum
814 1797 1026 1896 vestigium
1054 1797 1262 1886 novimus,
1300 1798 1421 1898 idque
1448 1800 1545 1875 adeo
1579 1801 1647 1875 ob·

167 2001 546 2018 mnu——

235 2101 299 2168 111)
325 2103 361 2151 ef.
380 2103 469 2169 Eurip.
487 2104 580 2155 Phoen.
597 2102 667 2153 689:
698 2101 729 2156 αι’
747 2102 881 2168 διώνυμοι
899 2105 966 2155 θεαὶ
986 2103 1173 2171 Περσέφασσα
1190 2105 1237 2156 καὶ
1256 2103 1326 2172 φίλα
1346 2104 1481 2173 Δαμάτηρ
1500 2105 1556 2158 θεοὶ
1575 2107 1644 2162 πάν·

165 2211 218 2245 των
242 2187 352 2246 ἄνασσα
359 2230 368 2259 ‚
396 2192 505 2248 πάντων
529 2196 558 2246 δὲ
575 2192 623 2247 Γιὶ
648 2191 753 2261 τροφός
778 2189 935 2258 ἐκτίσαντο,
963 2193 1006 2242 ubi
1026 2194 1101 2244 Ceres
1125 2201 1151 2246 et
1170 2194 1248 2246 Terra
1268 2195 1343 2262 juxte
1366 2213 1392 2246 se
1409 2201 1537 2262 ponuntur
1553 2199 1645 2250 eodem

165 2290 240 2340 modu
256 2305 331 2354 quern
344 2305 421 2354 supra
434 2289 497 2352 (nol.
509 2288 555 2355 51)
569 2288 769 2346 illustrarirnus3
787 2302 833 2335 nee
851 2286 940 2337 dubito
958 2289 1019 2352 quin
1033 2288 1107 2339 Ceres
1124 2290 1185 2350 ille,
1204 2307 1280 2357 quum
1292 2291 1432 2340 Pausanias
1445 2291 1489 2340 lx.
1501 2289 1541 2341 16.
1551 2291 1569 2339 5
1579 2309 1639 2357 pee-

165 2389 221 2434 lore
237 2386 337 2432 tantum
355 2387 426 2431 lenus
445 2387 586 2432 exstantem
605 2398 632 2432 se
651 2381 744 2432 vidisse
763 2385 886 2440 testatur,
911 2381 999 2432 'sellus
1017 2383 1102 2456 polius
1122 2400 1199 2451 quam
1218 2364 1334 2453 Legifera
1358 2381 1475 2433 habenda
1492 2383 1582 2442 luerit,
1605 2383 1639 2432 ef.

164 2473 267 2524 lllrilleri
286 2472 439 2524 Denlsnrtiler
457 2478 482 2526 d.
500 2494 522 2524 a.
541 2475 625 2525 liuust
643 2493 668 2524 n.
682 2476 733 2526 als
746 2494 778 2536 a,
804 2477 872 2543 quod
889 2482 974 2528 tamen
987 2459 1200 2531 Wuebsruutbius
1217 2480 1253 2528 ait
1265 2479 1332 2529 llell.
1343 2477 1451 2529 alteru.
1470 2480 1499 2528 ’1.
1512 2479 1549 2538 ΙΙ,
1569 2478 1639 2536 PE,

164 2585 190 2636 p.
210 2566 276 2619 138:
300 2567 354 2636 asaf
373 2567 418 2619 der
436 2568 510 2641 Bury
534 2567 624 2618 erhielt
640 2567 695 2619 airh
714 2567 760 2618 der
775 2567 961 2620 vorboeolr’stlte
981 2569 1043 2620 cult
1059 2571 1106 2621 der
1121 2571 1239 2622 Darneter
1256 2572 1312 2622 arrd
1328 2571 1415 2632 11οετι,
1440 2577 1553 2622 relerurn
1571 2572 1641 2621 lesti-

163 2666 256 2715 moniis
273 2681 324 2715 non
342 2665 404 2714 salis
421 2665 598 2716 eorrlirmatum
615 2664 697 2714 video.

234 2782 296 2850 113)
315 2783 399 2834 Sobel.
418 2785 507 2852 Eurip.
527 2783 622 2834 Phoeu.
639 2800 663 2834 v.
681 2781 749 2834 6882
777 2781 914 2833 δεδόσθαι
932 2777 985 2847 γάρ
1004 2778 1055 2840 τοὶς
1077 2778 1178 2847 Θήβας
1196 2776 1228 2849 τῇ
1248 2775 1409 2848 Περσεφόνῃ
1429 2776 1548 2832 dadraei
1569 2781 1641 2842 Διός

165 2873 393 2947 όνακαλυατήρια
401 2917 409 2947 ,
431 2877 469 2941 ὥς
485 2874 652 2946 Εόφορίωνι
670 2876 819 2928 ε1.ΜείιιιΙι.
832 2877 866 2926 ad
878 2874 990 2942 Euphor.
1007 2890 1033 2940 p.
1047 2873 1097 2925 lla
1109 2879 1135 2924 et
1144 2873 1245 2925 Miiller.
1257 2872 1374 2924 Orabam.
1386 2891 1412 2940 p.
1422 2874 1483 2934 217,
1502 2876 1546 2940 qui
1557 2879 1643 2926 umen

166 2974 233 3038 quod
252 2974 309 3022 inde
327 2976 471 3041 suspicatur
488 2975 590 3039 (Dorier
608 2974 638 3022 T.
652 2973 679 3032 l,
696 2990 730 3038 p.
748 2971 819 3031 sot,
844 2971 965 3038 Prolegg.
982 2983 1007 3034 p.
1021 2965 1084 3030 156)
1109 2967 1148 3018 sel
1160 2963 1395 3036 Ἀνακαλυπτήρια
1412 2968 1453 3019 vel
1475 2966 1639 3035 Θεογάμια,

69 3128 71 3132 ,
166 3080 230 3130 quae
248 3064 334 3116 Sicilia
351 3068 403 3117 fere
420 3074 473 3119 lota
490 3071 517 3118 in
535 3067 703 3133 Proserpinae
721 3065 842 3116 honorem
860 3063 996 3114 celebrarit
1019 3061 1110 3129 (etun
1125 3062 1220 3114 Σικελ.
1241 3083 1265 3132 p.
1284 3062 1400 3130 διας),
1427 3063 1572 3113 Thebanam
1591 3066 1641 3113 ori·

164 3157 250 3226 giuem
267 3156 385 3210 babuisse
402 3165 426 3209 et
442 3177 489 3227 per
499 3159 662 3209 Emmenidas
679 3157 836 3228 Aegialus-um
855 3154 972 3205 subolem·
986 3155 1155 3225 Agrigentum
1173 3154 1257 3206 delata
1276 3172 1346 3214 esse,
1366 3156 1402 3205 itu
1421 3160 1518 3206 tantum
1536 3155 1642 3207 tolerari

164 3256 265 3317 potest,
283 3257 313 3301 ul
331 3252 404 3301 simul
424 3255 500 3302 etium
512 3253 596 3303 omnia
613 3249 699 3302 eorirm
711 3250 820 3320 vestigia
834 3266 892 3300 eum
905 3251 1057 3302 Boeotorrun
1072 3253 1181 3302 adventu
1196 3251 1326 3302 evanuisse
1339 3256 1495 3311 statuamus,
1514 3251 1641 3317 posterior

166 3346 232 3397 enim
251 3354 320 3397 aetas
337 3347 401 3399 nibil
418 3349 543 3418 ejusmodi
559 3347 654 3399 Thebis
672 3347 750 3398 novit.

235 3465 298 3532 116)
321 3467 406 3534 Cyzici
423 3475 506 3528 certe,
528 3471 597 3535 «prod
615 3473 641 3518 et
656 3468 740 3534 ipsum
757 3463 920 3534 ἐμπροίκιον
936 3463 1104 3532 Proserpinae
1122 3464 1211 3512 datum
1229 3478 1284 3512 esse
1302 3459 1452 3512 tradebatur
1478 3462 1595 3529 (Appiae.
1608 3463 1640 3512 B.

165 3559 277 3610 Mithrid.
296 3579 317 3612 e.
334 3562 385 3624 75,
410 3566 441 3614 ef.
461 3565 572 3616 Wessel.
598 3567 631 3614 ad
649 3563 754 3614 Diodor.
774 3564 803 3613 V.
821 3562 867 3627 2),
891 3558 1102 3628 etiamraptore's
1120 3556 1191 3606 Diris
1208 3557 1278 3606 viarm
1294 3556 1411 3624 agnoseit
1428 3554 1578 3621 Propertius
1595 3555 1639 3605 111.

165 3651 208 3701 11.
225 3651 260 3711 1,
285 3654 401 3722 idemque
426 3658 457 3706 de
474 3656 543 3722 Nysa
562 3656 653 3706 Cariae
677 3654 740 3706 urbe
758 3661 873 3714 condat,
899 3651 972 3720 eujus
990 3649 1145 3720 'l'heogamia
1162 3651 1238 3702 etiam
1255 3667 1321 3712 nune
1339 3652 1365 3699 in
1383 3651 1468 3704 narnis
1484 3651 1640 3702 testificatio·

164 3761 222 3794 nrru
238 3743 345 3806 habenl3
371 3748 402 3798 el'.
420 3749 580 3814 lllarquanlti
595 3747 706 3798 librum:
731 3747 842 3816 Cyzilsns
860 3747 913 3795 und
932 3746 985 3795 rein
1002 3741 1109 3803 Gebiel,
1127 3743 1215 3795 Berlin
1230 3740 1308 3792 1836.
1326 3741 1357 3802 8,
1375 3757 1400 3808 p.
1414 3741 1472 3792 les.

234 3860 295 3921 117)
320 3861 395 3912 l‘aus.
414 3864 458 3913 IX.
477 3861 518 3912 l8.
536 3861 568 3911 δι
598 3859 664 3930 ἑξῆς
690 3862 719 3913 δι’
745 3857 801 3913 ἐστι
826 3857 879 3912 τιόν
902 3856 1056 3919 Οἰδίποδος
1080 3857 1187 3911 παίδων
1211 3855 1342 3923 μνήματα
1364 3855 1411 3906 καὶ
1429 3853 1463 3905 τινὶ
1484 3848 1526 3906 ἐπ’
1543 3852 1639 3914 αὐτοῖς

165 3955 290 4021 δρώμενα
298 3994 306 4021 ,
333 3948 353 4008 εἲ
378 3954 413 4010 ori
434 3955 612 4022 Praecipuae
636 3958 719 4009 πιστοὶ
746 3952 823 4021 ὅμως
850 3947 991 4019 όιιείληφα
1007 3947 1096 4004 εἶναι·
1123 3950 1192 4016 φασὶ
1209 3947 1263 4016 γαρ
1281 3950 1328 3999 καὶ
1347 3939 1446 4006 ἄλλοις
1465 3944 1493 3998 σι’
1514 3945 1640 4012 Θηβαῖοι

192 4043 202 4054 ”
239 4047 417 4112 καλουμένων
441 4044 539 4116 ἡρώων
562 4050 609 4099 καὶ
634 4053 693 4108 τοῖς
716 4047 812 4100 παισὶν
836 4042 969 4114 ἐναγίζειν
991 4048 1050 4102 τοῖς
1077 4037 1246 4104 Οἰδίποδος,
1272 4035 1381 4099 τούτοις
1408 4037 1437 4088 δὲ
1462 4033 1642 4104 ἐναγιζόντων
