3674 4636
412 313 433 357 ,
880 327 890 338 .

807 413 859 430 ..
923 361 978 448 13
1035 409 1085 430 ..

205 598 367 680 quoque
401 575 621 652 tribuimus
656 571 947 672 fragmentum,
985 597 1068 672 quo
1101 573 1263 673 culpam
1295 575 1551 673 expositionis
1586 600 1610 654 a
1642 603 1686 654 se

205 727 361 807 amoliri
384 728 509 830 inque
530 725 664 803 mariti
687 725 907 821 imperium
932 743 977 798 ac
1002 719 1249 798 voluntatem
1273 719 1421 800 referre
1442 713 1619 803 videturz'

352 883 467 959 Πᾶσα
492 877 567 976 γάρ
593 873 715 974 δούλη
743 875 922 974 πέφυκεν
948 865 1090 968 ἀνδρὸς
1116 867 1141 965 ἡ
1169 868 1341 971 σώφρων
1365 871 1487 970 γονὴ,

348 1025 397 1100 Ἡ
417 1024 460 1100 δὲ
486 1021 538 1120 μοὶ
561 1020 732 1122 σώφρων
756 1017 873 1121 ἀνοίᾳ
897 1019 968 1096 τὸν
995 1019 1156 1110 ξυνόνθ’
1184 1017 1423 1126 ὑπερφρονεῖ
1436 1025 1506 1123 593

201 1215 335 1294 neque
352 1191 463 1291 quod
480 1190 623 1268 eodem
641 1187 722 1267 fere
744 1195 884 1280 s'ensu,
911 1211 1160 1289 quamquam
1180 1191 1298 1268 tacito
1317 1190 1474 1270 fabulae
1493 1197 1683 1285 nomine,

202 1369 247 1423 ex
272 1342 464 1444 Euripide
490 1341 659 1419 servavit
685 1333 877 1418 Clemens
898 1329 1193 1416 Alexandrinus
1214 1339 1285 1436 ³³),
1321 1343 1369 1418 ab
1400 1340 1484 1441 ejus
1509 1367 1682 1442 persona

203 1494 467 1595 partibusque
491 1491 670 1568 alienum
698 1513 783 1568 esse
808 1489 986 1566 videtur:

349 1639 543 1743 Εὐλονεῑν
568 1642 599 1720 6²
628 1641 726 1718 ὅταν
748 1668 788 1717 τι
812 1641 927 1740 λέξῃ,
954 1638 1035 1738 χρῆ
1060 1646 1207 1733 δοκεῖν,
1234 1637 1308 1718 κάν
1333 1641 1387 1742 μὴ
1414 1645 1528 1742 λέγῃ,

348 1790 575 1870 Ηάκιιονεῖν
600 1785 651 1866 ἂν
680 1791 737 1891 τῴ
767 1786 928 1878 ξονάντι
951 1788 1053 1888 πρὸς
1077 1788 1201 1889 χάριν
1224 1793 1345 1891 patrm
1374 1792 1518 1892 λέγειν,

77 2047 81 2058 ,
202 1971 349 2070 quibus
375 1969 444 2044 ille
469 1965 599 2042 verbis
632 1965 866 2064 φίλανδρον,
899 1963 1048 2067 inquit,
1074 1965 1172 2061 μετά
1197 1964 1432 2067 σεμνότητος
1457 1968 1681 2074 ὑπογράφει

202 2115 420 2217 Εὐριπίδης
444 2115 660 2216 παροινῶν.
697 2113 910 2190 Difficilior
932 2117 1110 2215 quaestio
1133 2130 1192 2192 est
1211 2117 1260 2194 de
1277 2116 1459 2217 reliquis,
1487 2141 1588 2217 quae
1604 2119 1680 2192 ibi·

202 2268 294 2344 dem
330 2292 379 2343 ex
405 2291 453 2344 eo
480 2265 668 2343 Clemens
694 2264 848 2357 laudat3
887 2287 988 2368 quae
1014 2263 1107 2340 licet
1132 2265 1273 2342 eodem
1300 2278 1430 2342 metro
1457 2269 1680 2366 conscripta

203 2419 283 2495 sint
312 2419 538 2518 pariterque
567 2416 715 2513 probae
746 2414 883 2490 uxoris
914 2409 1096 2489 officium
1130 2415 1368 2506 describant,
1404 2419 1455 2496 ad
1484 2423 1680 2496 Iocastam

202 2573 255 2648 ita
276 2583 436 2646 tantum
453 2546 592 2644 referri
610 2575 819 2666 poterunt,
848 2576 996 2641 utnon
1020 2563 1068 2640 de
1083 2562 1177 2664 Lajo
1198 2565 1267 2641 sed
1292 2565 1340 2642 de
1359 2567 1514 2668 Oedipo
1532 2569 1679 2646 marito

204 2741 292 2797 earn
320 2717 432 2817 loqui
458 2730 705 2828 statuamus:

351 2861 444 2940 ‘Hae
473 2860 504 2939 δ’
531 2859 584 2938 άν
607 2856 728 2936 κακόν
752 2883 791 2935 τι
815 2857 965 2960 πράξῃ,
993 2866 1347 2967 σοὸνυθρωιιάζειν
1373 2868 1483 2984 πόσει

346 3015 530 3111 Ἆλοχον,
563 3017 606 3090 ἐν
631 3012 760 3114 κοινῷ,
778 3037 821 3087 τε
846 3010 977 3112 λύπης
1002 3011 1150 3113 ἡδονῆς
1172 3013 1204 3089 τ’
1231 3021 1341 3112 ἔχειν
1365 3020 1501 3117 μέρος·

202 3343 249 3398 No.
260 3345 299 3396 97
316 3343 393 3395 solito
410 3357 468 3392 cum
485 3341 612 3412 elegantia
629 3341 781 3407 descripsit,
807 3359 837 3392 ex
854 3341 986 3408 Euripidis
1009 3341 1133 3416 sententia
1157 3355 1214 3392 eum
1231 3339 1329 3392 Iocaste
1348 3347 1374 3393 et
1390 3342 1498 3394 Creonte
1516 3343 1679 3395 comatum-

202 3439 255 3488 tem
274 3435 391 3490 exliilsere
415 3439 571 3496 statuorum
598 3435 660 3502 quid
677 3441 762 3486 tamen
779 3436 839 3486 inde
856 3438 890 3488 ad
907 3435 1032 3502 reliquam
1049 3431 1152 3484 tabulae
1174 3435 1367 3502 dispositionem
1387 3437 1580 3488 existimandum
1597 3439 1679 3490 luere·

150 3599 153 3605 Ι
203 3547 274 3592 mur,
294 3547 344 3582 nou
360 3528 486 3601 intelligo.

271 3649 319 3717 aa)
338 3649 408 3702 sut.
422 3650 502 3702 serm.
516 3637 614 3713 exiri,
633 3650 663 3702 r.
677 3649 727 3711 ιιι,
745 3667 772 3718 p.
783 3650 833 3733 aa.

272 3765 320 3833 55)
339 3767 471 3818 Stromatt.
490 3766 533 3828 lV,
556 3783 582 3834 p.
599 3766 664 3820 aaa.
706 3768 775 3819 luter
799 3769 954 3819 iures-muni
975 3763 1120 3814 saluimum
1137 3763 1281 3833 fragmenta
1298 3761 1387 3812 retulit
1403 3761 1528 3813 Matthiae
1543 3761 1589 3816 No.
1608 3761 1679 3824 Gld,

203 3874 229 3925 p.
242 3855 311 3933 5983
335 3861 450 3908 nostrum
466 3863 551 3910 nmen
564 3858 692 3927 juditium
709 3859 864 3912 Welekerus
881 3873 981 3927 quoque
997 3874 1022 3924 p.
1033 3855 1091 3908 599
1109 3862 1136 3908 et
1151 3854 1203 3907 ⁷81
1228 3871 1333 3906 assensu
1351 3872 1397 3906 suo
1415 3855 1587 3917 continuavit,
1605 3872 1679 3922 pree·

203 3953 323 4018 temque
339 3950 408 4002 haud
425 3953 595 4020 spernendum
613 3957 789 4023 argumentum
807 3953 911 4016 attulit,
935 3951 1003 4018 quoa
1021 3949 1137 4000 Glemms
1154 3951 1182 4000 in
1199 3949 1288 4002 eodem
1303 3948 1370 3999 libro
1389 3966 1416 4016 p.
1430 3947 1490 4002 499
1510 3949 1574 4000 duos
1592 3950 1678 4009 loros,

205 4059 268 4110 quos
285 4045 320 4094 ad
336 4043 466 4110 Oedipum
482 4045 609 4111 pertinere
626 4061 657 4094 ex
674 4043 784 4094 Stobneo
801 4051 913 4108 conatu,
930 4047 1028 4114 pariter
1044 4046 1099 4097 sine
1113 4045 1216 4097 ululae
1231 4045 1332 4096 nonina
1347 4045 1497 4097 laudaverit

757 4274 773 4306 R
