<?xml version="1.0" encoding="UTF-8"?>
<!DOCTYPE html PUBLIC "-//W3C//DTD XHTML 1.0 Transitional//EN"
    "http://www.w3.org/TR/xhtml1/DTD/xhtml1-transitional.dtd">
<html xmlns="http://www.w3.org/1999/xhtml" xml:lang="en" lang="en">
 <head>
  <title>
</title>
<meta http-equiv="Content-Type" content="text/html;charset=utf-8" />
  <meta name='ocr-system' content='tesseract 3.04.00' />
  <meta name='ocr-capabilities' content='ocr_page ocr_carea ocr_par ocr_line ocrx_word'/>
</head>
<body>
  <div class='ocr_page' id='page_1' title='image "./quaestionumoedi00hermgoog_0136.png"; bbox 0 0 3684 4624; ppageno 0'>
   <div class='ocr_carea' id='block_1_1' title="bbox 694 349 1072 490">
    <p class='ocr_par' dir='ltr' id='par_1_1' title="bbox 694 349 1072 490">
     <span class='ocr_line' id='line_1_1' title="bbox 694 349 1072 490; baseline 0.013 -5"><span class='ocrx_word' id='word_1_1' title='bbox 694 349 962 490; x_wconf 40' lang='lat' dir='ltr'><strong>&amp;aar</strong></span> <span class='ocrx_word' id='word_1_2' title='bbox 1024 451 1072 490; x_wconf 83' lang='grc'><strong>-,-</strong></span> 
     </span>
    </p>
   </div>
   <div class='ocr_carea' id='block_1_2' title="bbox 177 611 1655 3098">
    <p class='ocr_par' dir='ltr' id='par_1_2' title="bbox 177 611 1655 3098">
     <span class='ocr_line' id='line_1_2' title="bbox 180 611 1652 724; baseline -0.006 -33"><span class='ocrx_word' id='word_1_3' title='bbox 180 617 390 718; x_wconf 88' lang='lat' dir='ltr'><strong>plerasque</strong></span> <span class='ocrx_word' id='word_1_4' title='bbox 408 641 455 692; x_wconf 81' lang='lat' dir='ltr'><strong>ex</strong></span> <span class='ocrx_word' id='word_1_5' title='bbox 472 613 698 692; x_wconf 85' lang='lat' dir='ltr'><strong>inferorum</strong></span> <span class='ocrx_word' id='word_1_6' title='bbox 716 611 828 689; x_wconf 90' lang='lat' dir='ltr'><strong>cultu</strong></span> <span class='ocrx_word' id='word_1_7' title='bbox 846 612 1075 715; x_wconf 88' lang='lat' dir='ltr'><strong>viriumque</strong></span> <span class='ocrx_word' id='word_1_8' title='bbox 1092 617 1339 696; x_wconf 74' lang='lat' dir='ltr'><strong>naturalium</strong></span> <span class='ocrx_word' id='word_1_9' title='bbox 1357 619 1524 698; x_wconf 88' lang='lat' dir='ltr'><strong>horrore</strong></span> <span class='ocrx_word' id='word_1_10' title='bbox 1542 644 1652 724; x_wconf 69' lang='lat' dir='ltr'><strong>repe.</strong></span> 
     </span>
     <span class='ocr_line' id='line_1_3' title="bbox 180 759 1653 868; baseline 0.006 -30"><span class='ocrx_word' id='word_1_11' title='bbox 180 779 335 854; x_wconf 90' lang='lat' dir='ltr'><strong>tamus,</strong></span> <span class='ocrx_word' id='word_1_12' title='bbox 371 789 494 865; x_wconf 89' lang='lat' dir='ltr'><strong>quem</strong></span> <span class='ocrx_word' id='word_1_13' title='bbox 530 768 600 840; x_wconf 92' lang='lat' dir='ltr'><strong>etsi</strong></span> <span class='ocrx_word' id='word_1_14' title='bbox 635 774 953 860; x_wconf 87' lang='lat' dir='ltr'><strong>cousentaneum</strong></span> <span class='ocrx_word' id='word_1_15' title='bbox 989 759 1111 838; x_wconf 89' lang='lat' dir='ltr'><strong>fuerit</strong></span> <span class='ocrx_word' id='word_1_16' title='bbox 1143 765 1336 863; x_wconf 86' lang='lat' dir='ltr'><strong>paulatim</strong></span> <span class='ocrx_word' id='word_1_17' title='bbox 1370 769 1653 868; x_wconf 79' lang='lat' dir='ltr'><strong>ingruentibus</strong></span> 
     </span>
     <span class='ocr_line' id='line_1_4' title="bbox 179 886 1653 1012; baseline 0.002 -18"><span class='ocrx_word' id='word_1_18' title='bbox 179 917 397 994; x_wconf 78' lang='lat' dir='ltr'><strong>honestatis</strong></span> <span class='ocrx_word' id='word_1_19' title='bbox 421 915 605 992; x_wconf 87' lang='lat' dir='ltr'><strong>sensibus</strong></span> <span class='ocrx_word' id='word_1_20' title='bbox 630 886 975 1012; x_wconf 82' lang='lat' dir='ltr'><strong>conscientiaeque</strong></span> <span class='ocrx_word' id='word_1_21' title='bbox 1000 911 1037 987; x_wconf 85' lang='lat' dir='ltr'><strong>vi</strong></span> <span class='ocrx_word' id='word_1_22' title='bbox 1064 913 1227 992; x_wconf 90' lang='lat' dir='ltr'><strong>adaucta</strong></span> <span class='ocrx_word' id='word_1_23' title='bbox 1252 917 1302 994; x_wconf 90' lang='lat' dir='ltr'><strong>ad</strong></span> <span class='ocrx_word' id='word_1_24' title='bbox 1329 918 1549 1010; x_wconf 84' lang='lat' dir='ltr'><strong>criminum</strong></span> <span class='ocrx_word' id='word_1_25' title='bbox 1569 941 1653 998; x_wconf 84' lang='lat' dir='ltr'><strong>ma·</strong></span> 
     </span>
     <span class='ocr_line' id='line_1_5' title="bbox 179 1047 1654 1162; baseline 0.001 -18"><span class='ocrx_word' id='word_1_26' title='bbox 179 1069 285 1144; x_wconf 84' lang='lat' dir='ltr'><strong>xime</strong></span> <span class='ocrx_word' id='word_1_27' title='bbox 303 1065 519 1144; x_wconf 91' lang='lat' dir='ltr'><strong>vindictam</strong></span> <span class='ocrx_word' id='word_1_28' title='bbox 543 1047 582 1140; x_wconf 87' lang='lat' dir='ltr'><strong>et</strong></span> <span class='ocrx_word' id='word_1_29' title='bbox 598 1063 811 1162; x_wconf 89' lang='lat' dir='ltr'><strong>impietatis</strong></span> <span class='ocrx_word' id='word_1_30' title='bbox 828 1085 978 1162; x_wconf 89' lang='lat' dir='ltr'><strong>poenas</strong></span> <span class='ocrx_word' id='word_1_31' title='bbox 995 1063 1166 1152; x_wconf 90' lang='lat' dir='ltr'><strong>traduci,</strong></span> <span class='ocrx_word' id='word_1_32' title='bbox 1180 1077 1328 1140; x_wconf 85' lang='lat' dir='ltr'><strong>tamen</strong></span> <span class='ocrx_word' id='word_1_33' title='bbox 1351 1079 1390 1141; x_wconf 85' lang='lat' dir='ltr'><strong>et</strong></span> <span class='ocrx_word' id='word_1_34' title='bbox 1406 1065 1471 1144; x_wconf 88' lang='lat' dir='ltr'><strong>bis</strong></span> <span class='ocrx_word' id='word_1_35' title='bbox 1492 1091 1654 1146; x_wconf 88' lang='lat' dir='ltr'><strong>necesse</strong></span> 
     </span>
     <span class='ocr_line' id='line_1_6' title="bbox 179 1209 1654 1309; baseline 0 -19"><span class='ocrx_word' id='word_1_36' title='bbox 179 1229 263 1291; x_wconf 87' lang='lat' dir='ltr'><strong>erat</strong></span> <span class='ocrx_word' id='word_1_37' title='bbox 295 1215 473 1291; x_wconf 91' lang='lat' dir='ltr'><strong>eundem</strong></span> <span class='ocrx_word' id='word_1_38' title='bbox 504 1239 598 1288; x_wconf 91' lang='lat' dir='ltr'><strong>cum</strong></span> <span class='ocrx_word' id='word_1_39' title='bbox 631 1211 785 1309; x_wconf 91' lang='lat' dir='ltr'><strong>legibus</strong></span> <span class='ocrx_word' id='word_1_40' title='bbox 818 1220 984 1284; x_wconf 88' lang='lat' dir='ltr'><strong>naturae</strong></span> <span class='ocrx_word' id='word_1_41' title='bbox 1010 1209 1183 1307; x_wconf 88' lang='lat' dir='ltr'><strong>rigorem</strong></span> <span class='ocrx_word' id='word_1_42' title='bbox 1209 1212 1505 1290; x_wconf 80' lang='lat' dir='ltr'><strong>immutabilem</strong></span> <span class='ocrx_word' id='word_1_43' title='bbox 1532 1216 1654 1294; x_wconf 89' lang='lat' dir='ltr'><strong>tribui</strong></span> 
     </span>
     <span class='ocr_line' id='line_1_7' title="bbox 180 1357 1655 1465; baseline 0.002 -28"><span class='ocrx_word' id='word_1_44' title='bbox 180 1375 356 1438; x_wconf 90' lang='lat' dir='ltr'><strong>nectam</strong></span> <span class='ocrx_word' id='word_1_45' title='bbox 380 1386 518 1439; x_wconf 85' lang='lat' dir='ltr'><strong>causas</strong></span> <span class='ocrx_word' id='word_1_46' title='bbox 539 1358 767 1436; x_wconf 86' lang='lat' dir='ltr'><strong>facinorum</strong></span> <span class='ocrx_word' id='word_1_47' title='bbox 793 1378 914 1465; x_wconf 82' lang='lat' dir='ltr'><strong>quam</strong></span> <span class='ocrx_word' id='word_1_48' title='bbox 940 1357 1113 1457; x_wconf 87' lang='lat' dir='ltr'><strong>speciem</strong></span> <span class='ocrx_word' id='word_1_49' title='bbox 1140 1361 1308 1458; x_wconf 87' lang='lat' dir='ltr'><strong>expendi</strong></span> <span class='ocrx_word' id='word_1_50' title='bbox 1328 1361 1412 1458; x_wconf 56' lang='grc' dir='ltr'><strong>Ιῃ),</strong></span> <span class='ocrx_word' id='word_1_51' title='bbox 1438 1375 1477 1438; x_wconf 94' lang='lat' dir='ltr'><strong>et</strong></span> <span class='ocrx_word' id='word_1_52' title='bbox 1497 1388 1655 1463; x_wconf 88' lang='lat' dir='ltr'><strong>semper</strong></span> 
     </span>
     <span class='ocr_line' id='line_1_8' title="bbox 180 1481 1654 1610; baseline 0.001 -24"><span class='ocrx_word' id='word_1_53' title='bbox 180 1509 331 1609; x_wconf 87' lang='lat' dir='ltr'><strong>aliquid</strong></span> <span class='ocrx_word' id='word_1_54' title='bbox 356 1507 585 1587; x_wconf 86' lang='lat' dir='ltr'><strong>formidinis</strong></span> <span class='ocrx_word' id='word_1_55' title='bbox 612 1507 815 1596; x_wconf 89' lang='lat' dir='ltr'><strong>manebat,</strong></span> <span class='ocrx_word' id='word_1_56' title='bbox 844 1506 955 1602; x_wconf 82' lang='lat' dir='ltr'><strong>quod</strong></span> <span class='ocrx_word' id='word_1_57' title='bbox 979 1505 1166 1579; x_wconf 89' lang='lat' dir='ltr'><strong>homines</strong></span> <span class='ocrx_word' id='word_1_58' title='bbox 1191 1527 1213 1581; x_wconf 93' lang='lat' dir='ltr'><strong>a</strong></span> <span class='ocrx_word' id='word_1_59' title='bbox 1240 1481 1409 1583; x_wconf 89' lang='lat' dir='ltr'><strong>deorum</strong></span> <span class='ocrx_word' id='word_1_60' title='bbox 1436 1535 1654 1610; x_wconf 90' lang='lat' dir='ltr'><strong>congressu</strong></span> 
     </span>
     <span class='ocr_line' id='line_1_9' title="bbox 179 1649 1653 1758; baseline -0.003 -22"><span class='ocrx_word' id='word_1_61' title='bbox 179 1659 412 1736; x_wconf 85' lang='lat' dir='ltr'><strong>absterreret</strong></span> <span class='ocrx_word' id='word_1_62' title='bbox 436 1659 562 1758; x_wconf 86' lang='lat' dir='ltr'><strong>magis</strong></span> <span class='ocrx_word' id='word_1_63' title='bbox 588 1679 711 1758; x_wconf 84' lang='lat' dir='ltr'><strong>quam</strong></span> <span class='ocrx_word' id='word_1_64' title='bbox 739 1668 786 1730; x_wconf 89' lang='lat' dir='ltr'><strong>ut</strong></span> <span class='ocrx_word' id='word_1_65' title='bbox 810 1655 859 1730; x_wconf 91' lang='lat' dir='ltr'><strong>ad</strong></span> <span class='ocrx_word' id='word_1_66' title='bbox 883 1651 1111 1750; x_wconf 83' lang='lat' dir='ltr'><strong>Apollinem</strong></span> <span class='ocrx_word' id='word_1_67' title='bbox 1136 1649 1222 1728; x_wconf 89' lang='lat' dir='ltr'><strong>fieri</strong></span> <span class='ocrx_word' id='word_1_68' title='bbox 1247 1652 1430 1731; x_wconf 88' lang='lat' dir='ltr'><strong>videmus</strong></span> <span class='ocrx_word' id='word_1_69' title='bbox 1454 1655 1653 1750; x_wconf 86' lang='lat' dir='ltr'><strong>invitaret;</strong></span> 
     </span>
     <span class='ocr_line' id='line_1_10' title="bbox 178 1796 1654 1902; baseline -0.003 -18"><span class='ocrx_word' id='word_1_70' title='bbox 178 1807 334 1887; x_wconf 88' lang='lat' dir='ltr'><strong>fabulae</strong></span> <span class='ocrx_word' id='word_1_71' title='bbox 360 1822 494 1885; x_wconf 89' lang='lat' dir='ltr'><strong>autem</strong></span> <span class='ocrx_word' id='word_1_72' title='bbox 521 1833 617 1883; x_wconf 86' lang='lat' dir='ltr'><strong>cum</strong></span> <span class='ocrx_word' id='word_1_73' title='bbox 641 1807 706 1882; x_wconf 91' lang='lat' dir='ltr'><strong>his</strong></span> <span class='ocrx_word' id='word_1_74' title='bbox 732 1801 993 1902; x_wconf 87' lang='lat' dir='ltr'><strong>religionibus</strong></span> <span class='ocrx_word' id='word_1_75' title='bbox 1018 1796 1253 1896; x_wconf 87' lang='lat' dir='ltr'><strong>conjunctae</strong></span> <span class='ocrx_word' id='word_1_76' title='bbox 1275 1813 1433 1878; x_wconf 86' lang='lat' dir='ltr'><strong>tantum</strong></span> <span class='ocrx_word' id='word_1_77' title='bbox 1456 1805 1588 1880; x_wconf 90' lang='lat' dir='ltr'><strong>aberat</strong></span> <span class='ocrx_word' id='word_1_78' title='bbox 1607 1817 1654 1880; x_wconf 93' lang='lat' dir='ltr'><strong>ut</strong></span> 
     </span>
     <span class='ocr_line' id='line_1_11' title="bbox 179 1950 1652 2052; baseline -0.001 -19"><span class='ocrx_word' id='word_1_79' title='bbox 179 1982 262 2036; x_wconf 88' lang='lat' dir='ltr'><strong>una</strong></span> <span class='ocrx_word' id='word_1_80' title='bbox 297 1983 392 2033; x_wconf 89' lang='lat' dir='ltr'><strong>cum</strong></span> <span class='ocrx_word' id='word_1_81' title='bbox 423 1957 566 2032; x_wconf 88' lang='lat' dir='ltr'><strong>ritibus</strong></span> <span class='ocrx_word' id='word_1_82' title='bbox 603 1957 653 2034; x_wconf 90' lang='lat' dir='ltr'><strong>ad</strong></span> <span class='ocrx_word' id='word_1_83' title='bbox 684 1957 889 2033; x_wconf 88' lang='lat' dir='ltr'><strong>mitiorem</strong></span> <span class='ocrx_word' id='word_1_84' title='bbox 923 1950 1096 2028; x_wconf 85' lang='lat' dir='ltr'><strong>sormam</strong></span> <span class='ocrx_word' id='word_1_85' title='bbox 1129 1952 1422 2052; x_wconf 84' lang='lat' dir='ltr'><strong>redigerentur,</strong></span> <span class='ocrx_word' id='word_1_86' title='bbox 1462 1969 1509 2029; x_wconf 89' lang='lat' dir='ltr'><strong>ut</strong></span> <span class='ocrx_word' id='word_1_87' title='bbox 1539 1979 1652 2032; x_wconf 81' lang='lat' dir='ltr'><strong>nrrnc</strong></span> 
     </span>
     <span class='ocr_line' id='line_1_12' title="bbox 179 2101 1653 2203; baseline 0 -23"><span class='ocrx_word' id='word_1_88' title='bbox 179 2105 347 2180; x_wconf 89' lang='lat' dir='ltr'><strong>demum</strong></span> <span class='ocrx_word' id='word_1_89' title='bbox 375 2102 531 2202; x_wconf 89' lang='lat' dir='ltr'><strong>flagitiis</strong></span> <span class='ocrx_word' id='word_1_90' title='bbox 557 2106 607 2180; x_wconf 90' lang='lat' dir='ltr'><strong>ad</strong></span> <span class='ocrx_word' id='word_1_91' title='bbox 631 2103 836 2188; x_wconf 86' lang='lat' dir='ltr'><strong>miseriam</strong></span> <span class='ocrx_word' id='word_1_92' title='bbox 858 2101 1016 2200; x_wconf 89' lang='lat' dir='ltr'><strong>adjectis</strong></span> <span class='ocrx_word' id='word_1_93' title='bbox 1043 2103 1157 2180; x_wconf 88' lang='lat' dir='ltr'><strong>omni</strong></span> <span class='ocrx_word' id='word_1_94' title='bbox 1181 2104 1394 2181; x_wconf 87' lang='lat' dir='ltr'><strong>atrocitatis</strong></span> <span class='ocrx_word' id='word_1_95' title='bbox 1420 2128 1563 2203; x_wconf 90' lang='lat' dir='ltr'><strong>genere</strong></span> <span class='ocrx_word' id='word_1_96' title='bbox 1588 2105 1653 2182; x_wconf 91' lang='lat' dir='ltr'><strong>ab·</strong></span> 
     </span>
     <span class='ocr_line' id='line_1_13' title="bbox 179 2252 1651 2360; baseline 0.001 -31"><span class='ocrx_word' id='word_1_97' title='bbox 179 2256 396 2344; x_wconf 85' lang='lat' dir='ltr'><strong>undarent,</strong></span> <span class='ocrx_word' id='word_1_98' title='bbox 421 2267 539 2354; x_wconf 88' lang='lat' dir='ltr'><strong>atque</strong></span> <span class='ocrx_word' id='word_1_99' title='bbox 564 2255 618 2330; x_wconf 90' lang='lat' dir='ltr'><strong>ita</strong></span> <span class='ocrx_word' id='word_1_100' title='bbox 641 2265 799 2340; x_wconf 88' lang='lat' dir='ltr'><strong>tantum</strong></span> <span class='ocrx_word' id='word_1_101' title='bbox 826 2253 940 2360; x_wconf 87' lang='lat' dir='ltr'><strong>quasi</strong></span> <span class='ocrx_word' id='word_1_102' title='bbox 968 2252 1147 2330; x_wconf 87' lang='lat' dir='ltr'><strong>satisfieri</strong></span> <span class='ocrx_word' id='word_1_103' title='bbox 1173 2255 1342 2343; x_wconf 82' lang='lat' dir='ltr'><strong>invidiae</strong></span> <span class='ocrx_word' id='word_1_104' title='bbox 1368 2256 1526 2335; x_wconf 86' lang='lat' dir='ltr'><strong>divinae</strong></span> <span class='ocrx_word' id='word_1_105' title='bbox 1545 2255 1651 2332; x_wconf 87' lang='lat' dir='ltr'><strong>vide·</strong></span> 
     </span>
     <span class='ocr_line' id='line_1_14' title="bbox 177 2363 1651 2501; baseline -0.001 -21"><span class='ocrx_word' id='word_1_106' title='bbox 177 2363 306 2493; x_wconf 80' lang='lat' dir='ltr'><strong>retur,</strong></span> <span class='ocrx_word' id='word_1_107' title='bbox 331 2417 378 2478; x_wconf 92' lang='lat' dir='ltr'><strong>ut</strong></span> <span class='ocrx_word' id='word_1_108' title='bbox 401 2403 445 2476; x_wconf 91' lang='lat' dir='ltr'><strong>in</strong></span> <span class='ocrx_word' id='word_1_109' title='bbox 471 2427 558 2477; x_wconf 89' lang='lat' dir='ltr'><strong>uuo</strong></span> <span class='ocrx_word' id='word_1_110' title='bbox 582 2402 717 2500; x_wconf 90' lang='lat' dir='ltr'><strong>aliquo</strong></span> <span class='ocrx_word' id='word_1_111' title='bbox 740 2404 865 2501; x_wconf 87' lang='lat' dir='ltr'><strong>capite</strong></span> <span class='ocrx_word' id='word_1_112' title='bbox 890 2405 964 2479; x_wconf 90' lang='lat' dir='ltr'><strong>sibi</strong></span> <span class='ocrx_word' id='word_1_113' title='bbox 989 2405 1129 2481; x_wconf 87' lang='lat' dir='ltr'><strong>devoto</strong></span> <span class='ocrx_word' id='word_1_114' title='bbox 1154 2406 1384 2481; x_wconf 88' lang='lat' dir='ltr'><strong>desaeviisse</strong></span> <span class='ocrx_word' id='word_1_115' title='bbox 1405 2406 1651 2496; x_wconf 87' lang='lat' dir='ltr'><strong>crederetur,</strong></span> 
     </span>
     <span class='ocr_line' id='line_1_15' title="bbox 179 2527 1652 2652; baseline 0.006 -25"><span class='ocrx_word' id='word_1_116' title='bbox 179 2550 293 2648; x_wconf 87' lang='lat' dir='ltr'><strong>eujus</strong></span> <span class='ocrx_word' id='word_1_117' title='bbox 323 2548 467 2632; x_wconf 89' lang='lat' dir='ltr'><strong>deinde</strong></span> <span class='ocrx_word' id='word_1_118' title='bbox 494 2544 655 2624; x_wconf 82' lang='lat' dir='ltr'><strong>fortuna</strong></span> <span class='ocrx_word' id='word_1_119' title='bbox 680 2546 767 2624; x_wconf 88' lang='lat' dir='ltr'><strong>irati</strong></span> <span class='ocrx_word' id='word_1_120' title='bbox 793 2547 916 2624; x_wconf 92' lang='lat' dir='ltr'><strong>simul</strong></span> <span class='ocrx_word' id='word_1_121' title='bbox 945 2567 983 2627; x_wconf 90' lang='lat' dir='ltr'><strong>et</strong></span> <span class='ocrx_word' id='word_1_122' title='bbox 1008 2527 1149 2652; x_wconf 80' lang='lat' dir='ltr'><strong>placati</strong></span> <span class='ocrx_word' id='word_1_123' title='bbox 1174 2556 1360 2631; x_wconf 88' lang='lat' dir='ltr'><strong>numinis</strong></span> <span class='ocrx_word' id='word_1_124' title='bbox 1384 2571 1652 2645; x_wconf 80' lang='lat' dir='ltr'><strong>monumenta</strong></span> 
     </span>
     <span class='ocr_line' id='line_1_16' title="bbox 179 2697 1652 2797; baseline 0.001 -21"><span class='ocrx_word' id='word_1_125' title='bbox 179 2701 412 2779; x_wconf 90' lang='lat' dir='ltr'><strong>contineret.</strong></span> <span class='ocrx_word' id='word_1_126' title='bbox 479 2700 564 2774; x_wconf 88' lang='lat' dir='ltr'><strong>Hoc</strong></span> <span class='ocrx_word' id='word_1_127' title='bbox 598 2697 720 2796; x_wconf 87' lang='lat' dir='ltr'><strong>igitur</strong></span> <span class='ocrx_word' id='word_1_128' title='bbox 758 2698 913 2796; x_wconf 90' lang='lat' dir='ltr'><strong>Oedipo</strong></span> <span class='ocrx_word' id='word_1_129' title='bbox 954 2723 1048 2774; x_wconf 89' lang='lat' dir='ltr'><strong>cum</strong></span> <span class='ocrx_word' id='word_1_130' title='bbox 1086 2703 1225 2774; x_wconf 87' lang='lat' dir='ltr'><strong>Oreste</strong></span> <span class='ocrx_word' id='word_1_131' title='bbox 1262 2699 1395 2797; x_wconf 88' lang='lat' dir='ltr'><strong>potius</strong></span> <span class='ocrx_word' id='word_1_132' title='bbox 1432 2723 1652 2778; x_wconf 92' lang='lat' dir='ltr'><strong>commune</strong></span> 
     </span>
     <span class='ocr_line' id='line_1_17' title="bbox 178 2842 1650 2948; baseline 0.003 -25"><span class='ocrx_word' id='word_1_133' title='bbox 178 2861 254 2937; x_wconf 89' lang='lat' dir='ltr'><strong>est,</strong></span> <span class='ocrx_word' id='word_1_134' title='bbox 274 2869 397 2946; x_wconf 90' lang='lat' dir='ltr'><strong>quem</strong></span> <span class='ocrx_word' id='word_1_135' title='bbox 414 2857 453 2920; x_wconf 87' lang='lat' dir='ltr'><strong>et</strong></span> <span class='ocrx_word' id='word_1_136' title='bbox 466 2844 602 2943; x_wconf 89' lang='lat' dir='ltr'><strong>ipsum</strong></span> <span class='ocrx_word' id='word_1_137' title='bbox 618 2842 810 2920; x_wconf 84' lang='lat' dir='ltr'><strong>sacrificio</strong></span> <span class='ocrx_word' id='word_1_138' title='bbox 825 2845 1068 2925; x_wconf 89' lang='lat' dir='ltr'><strong>destinatum</strong></span> <span class='ocrx_word' id='word_1_139' title='bbox 1086 2873 1180 2926; x_wconf 91' lang='lat' dir='ltr'><strong>cum</strong></span> <span class='ocrx_word' id='word_1_140' title='bbox 1195 2849 1283 2948; x_wconf 90' lang='lat' dir='ltr'><strong>ipso</strong></span> <span class='ocrx_word' id='word_1_141' title='bbox 1298 2850 1452 2925; x_wconf 90' lang='lat' dir='ltr'><strong>cruenti</strong></span> <span class='ocrx_word' id='word_1_142' title='bbox 1468 2850 1650 2928; x_wconf 88' lang='lat' dir='ltr'><strong>numinis</strong></span> 
     </span>
     <span class='ocr_line' id='line_1_18' title="bbox 182 2983 1650 3098; baseline 0.001 -23"><span class='ocrx_word' id='word_1_143' title='bbox 182 3000 297 3098; x_wconf 89' lang='lat' dir='ltr'><strong>signo</strong></span> <span class='ocrx_word' id='word_1_144' title='bbox 329 2993 529 3096; x_wconf 81' lang='lat' dir='ltr'><strong>aufugisse</strong></span> <span class='ocrx_word' id='word_1_145' title='bbox 567 2993 772 3088; x_wconf 87' lang='lat' dir='ltr'><strong>tradebant</strong></span> <span class='ocrx_word' id='word_1_146' title='bbox 801 2992 890 3096; x_wconf 77' lang='lat'><strong>¹⁷³),</strong></span> <span class='ocrx_word' id='word_1_147' title='bbox 928 2983 1103 3086; x_wconf 82' lang='lat' dir='ltr'><strong>eundem¹</strong></span> <span class='ocrx_word' id='word_1_148' title='bbox 1136 3008 1270 3084; x_wconf 87' lang='lat' dir='ltr'><strong>autem</strong></span> <span class='ocrx_word' id='word_1_149' title='bbox 1304 3023 1398 3076; x_wconf 87' lang='lat' dir='ltr'><strong>cum</strong></span> <span class='ocrx_word' id='word_1_150' title='bbox 1434 2999 1650 3088; x_wconf 73' lang='lat' dir='ltr'><strong>Fruiauun</strong></span> 
     </span>
    </p>
   </div>
   <div class='ocr_carea' id='block_1_3' title="bbox 175 3144 1651 3932">
    <p class='ocr_par' dir='ltr' id='par_1_3' title="bbox 177 3144 549 3170">
     <span class='ocr_line' id='line_1_19' title="bbox 177 3144 549 3170; baseline -0.005 -10"><span class='ocrx_word' id='word_1_151' title='bbox 177 3144 549 3170; x_wconf 73' lang='grc'><em>........,,........-...</em></span> 
     </span>
    </p>

    <p class='ocr_par' dir='ltr' id='par_1_4' title="bbox 175 3215 1651 3932">
     <span class='ocr_line' id='line_1_20' title="bbox 247 3215 1650 3287; baseline -0.002 -16"><span class='ocrx_word' id='word_1_152' title='bbox 247 3219 310 3287; x_wconf 70' lang='lat'><strong>1⁷2)</strong></span> <span class='ocrx_word' id='word_1_153' title='bbox 334 3217 391 3284; x_wconf 77' lang='lat' dir='ltr'><strong>llue</strong></span> <span class='ocrx_word' id='word_1_154' title='bbox 412 3216 523 3283; x_wconf 80' lang='lat' dir='ltr'><strong>pertinet</strong></span> <span class='ocrx_word' id='word_1_155' title='bbox 550 3216 619 3281; x_wconf 85' lang='lat' dir='ltr'><strong>quod</strong></span> <span class='ocrx_word' id='word_1_156' title='bbox 644 3215 796 3266; x_wconf 82' lang='lat' dir='ltr'><strong>Blilmnerus</strong></span> <span class='ocrx_word' id='word_1_157' title='bbox 820 3215 894 3281; x_wconf 83' lang='lat' dir='ltr'><strong>(iiber</strong></span> <span class='ocrx_word' id='word_1_158' title='bbox 917 3219 959 3271; x_wconf 83' lang='lat' dir='ltr'><strong>dic</strong></span> <span class='ocrx_word' id='word_1_159' title='bbox 983 3219 1042 3270; x_wconf 78' lang='lat' dir='ltr'><strong>ldae</strong></span> <span class='ocrx_word' id='word_1_160' title='bbox 1065 3219 1111 3270; x_wconf 83' lang='lat' dir='ltr'><strong>des</strong></span> <span class='ocrx_word' id='word_1_161' title='bbox 1128 3215 1273 3284; x_wconf 78' lang='lat' dir='ltr'><strong>Sebiclcsals</strong></span> <span class='ocrx_word' id='word_1_162' title='bbox 1297 3233 1322 3284; x_wconf 89' lang='lat' dir='ltr'><strong>p.</strong></span> <span class='ocrx_word' id='word_1_163' title='bbox 1339 3215 1401 3283; x_wconf 76' lang='lat'>158)</span> <span class='ocrx_word' id='word_1_164' title='bbox 1428 3235 1459 3268; x_wconf 87' lang='lat' dir='ltr'><strong>ex</strong></span> <span class='ocrx_word' id='word_1_165' title='bbox 1477 3215 1650 3269; x_wconf 80' lang='lat' dir='ltr'><strong>Bonterweltii</strong></span> 
     </span>
     <span class='ocr_line' id='line_1_21' title="bbox 177 3289 1651 3380; baseline -0.002 -16"><span class='ocrx_word' id='word_1_166' title='bbox 177 3331 266 3368; x_wconf 69' lang='lat' dir='ltr'><strong>aaa.</strong></span> <span class='ocrx_word' id='word_1_167' title='bbox 290 3314 322 3364; x_wconf 70' lang='lat' dir='ltr'><strong>aa</strong></span> <span class='ocrx_word' id='word_1_168' title='bbox 341 3289 443 3380; x_wconf 65' lang='lat' dir='ltr'><strong>jansen</strong></span> <span class='ocrx_word' id='word_1_169' title='bbox 465 3308 582 3360; x_wconf 66' lang='lat' dir='ltr'><strong>nauta</strong></span> <span class='ocrx_word' id='word_1_170' title='bbox 606 3306 994 3375; x_wconf 61' lang='lat' dir='ltr'><strong>(incommutata.</strong></span> <span class='ocrx_word' id='word_1_171' title='bbox 1019 3311 1049 3360; x_wconf 87' lang='lat' dir='ltr'><strong>r.</strong></span> <span class='ocrx_word' id='word_1_172' title='bbox 1063 3310 1103 3372; x_wconf 86' lang='lat' dir='ltr'><strong>u,</strong></span> <span class='ocrx_word' id='word_1_173' title='bbox 1129 3307 1243 3360; x_wconf 81' lang='lat' dir='ltr'><strong>aeu-</strong></span> <span class='ocrx_word' id='word_1_174' title='bbox 1256 3309 1300 3376; x_wconf 76' lang='grc' dir='ltr'>ιι.)</span> <span class='ocrx_word' id='word_1_175' title='bbox 1325 3309 1427 3359; x_wconf 66' lang='lat' dir='ltr'><strong>attane</strong></span> <span class='ocrx_word' id='word_1_176' title='bbox 1454 3309 1505 3360; x_wconf 77' lang='lat' dir='ltr'><strong>na</strong></span> <span class='ocrx_word' id='word_1_177' title='bbox 1524 3307 1651 3361; x_wconf 63' lang='lat' dir='ltr'><strong>oreae»</strong></span> 
     </span>
     <span class='ocr_line' id='line_1_22' title="bbox 176 3381 1651 3482; baseline -0.005 -21"><span class='ocrx_word' id='word_1_178' title='bbox 176 3410 302 3482; x_wconf 71' lang='lat' dir='ltr'><strong>glaubten</strong></span> <span class='ocrx_word' id='word_1_179' title='bbox 320 3425 356 3456; x_wconf 84' lang='lat' dir='ltr'><strong>au</strong></span> <span class='ocrx_word' id='word_1_180' title='bbox 373 3406 444 3455; x_wconf 63' lang='lat' dir='ltr'><strong>tatae</strong></span> <span class='ocrx_word' id='word_1_181' title='bbox 461 3401 583 3474; x_wconf 72' lang='lat' dir='ltr'><strong>gdttlt&#39;clse</strong></span> <span class='ocrx_word' id='word_1_182' title='bbox 602 3381 804 3473; x_wconf 66' lang='lat' dir='ltr'><strong>Gmetttptetc,</strong></span> <span class='ocrx_word' id='word_1_183' title='bbox 823 3403 865 3456; x_wconf 75' lang='lat' dir='ltr'><strong>dte</strong></span> <span class='ocrx_word' id='word_1_184' title='bbox 881 3404 1050 3455; x_wconf 73' lang='lat' dir='ltr'><strong>unmineltar</strong></span> <span class='ocrx_word' id='word_1_185' title='bbox 1064 3403 1093 3452; x_wconf 78' lang='lat' dir='ltr'><strong>iu</strong></span> <span class='ocrx_word' id='word_1_186' title='bbox 1110 3401 1155 3452; x_wconf 76' lang='lat' dir='ltr'><strong>der</strong></span> <span class='ocrx_word' id='word_1_187' title='bbox 1171 3400 1350 3471; x_wconf 77' lang='lat' dir='ltr'><strong>persdulr&#39;cben</strong></span> <span class='ocrx_word' id='word_1_188' title='bbox 1366 3399 1500 3452; x_wconf 75' lang='lat' dir='ltr'><strong>Wetstetc</strong></span> <span class='ocrx_word' id='word_1_189' title='bbox 1515 3399 1571 3453; x_wconf 78' lang='lat' dir='ltr'><strong>und</strong></span> <span class='ocrx_word' id='word_1_190' title='bbox 1582 3401 1651 3453; x_wconf 66' lang='lat' dir='ltr'><strong>Gaiae</strong></span> 
     </span>
     <span class='ocr_line' id='line_1_23' title="bbox 176 3483 1650 3566; baseline -0.004 -16"><span class='ocrx_word' id='word_1_191' title='bbox 176 3501 246 3552; x_wconf 72' lang='lat' dir='ltr'><strong>etms</strong></span> <span class='ocrx_word' id='word_1_192' title='bbox 259 3498 332 3548; x_wconf 56' lang='lat' dir='ltr'><strong>‘itm</strong></span> <span class='ocrx_word' id='word_1_193' title='bbox 350 3493 442 3548; x_wconf 66' lang='grc' dir='ltr'>θᾶκοι·</span> <span class='ocrx_word' id='word_1_194' title='bbox 458 3493 603 3566; x_wconf 61' lang='lat' dir='ltr'><strong>pregrandes</strong></span> <span class='ocrx_word' id='word_1_195' title='bbox 619 3511 735 3564; x_wconf 68' lang='lat' dir='ltr'><strong>gravescat</strong></span> <span class='ocrx_word' id='word_1_196' title='bbox 751 3500 838 3558; x_wconf 71' lang='lat' dir='ltr'><strong>wdre3</strong></span> <span class='ocrx_word' id='word_1_197' title='bbox 856 3497 894 3545; x_wconf 82' lang='lat' dir='ltr'><strong>sic</strong></span> <span class='ocrx_word' id='word_1_198' title='bbox 911 3493 1036 3564; x_wconf 75' lang='lat' dir='ltr'><strong>glarcltten</strong></span> <span class='ocrx_word' id='word_1_199' title='bbox 1053 3511 1090 3542; x_wconf 78' lang='lat' dir='ltr'><strong>aa</strong></span> <span class='ocrx_word' id='word_1_200' title='bbox 1105 3493 1148 3542; x_wconf 80' lang='lat' dir='ltr'><strong>eiu</strong></span> <span class='ocrx_word' id='word_1_201' title='bbox 1165 3493 1258 3561; x_wconf 72' lang='lat' dir='ltr'><strong>eaoigcs</strong></span> <span class='ocrx_word' id='word_1_202' title='bbox 1278 3489 1370 3542; x_wconf 72' lang='lat' dir='ltr'><strong>Gema</strong></span> <span class='ocrx_word' id='word_1_203' title='bbox 1388 3491 1434 3542; x_wconf 78' lang='lat' dir='ltr'><strong>cler</strong></span> <span class='ocrx_word' id='word_1_204' title='bbox 1447 3483 1650 3564; x_wconf 65' lang='lat' dir='ltr'><strong>Gmecltigkelt,</strong></span> 
     </span>
     <span class='ocr_line' id='line_1_24' title="bbox 178 3581 1649 3662; baseline -0.004 -20"><span class='ocrx_word' id='word_1_205' title='bbox 178 3591 226 3644; x_wconf 74' lang='lat' dir='ltr'><strong>das</strong></span> <span class='ocrx_word' id='word_1_206' title='bbox 249 3589 333 3662; x_wconf 70' lang='lat' dir='ltr'><strong>pleiclt</strong></span> <span class='ocrx_word' id='word_1_207' title='bbox 356 3590 407 3639; x_wconf 78' lang='lat' dir='ltr'><strong>den</strong></span> <span class='ocrx_word' id='word_1_208' title='bbox 423 3587 629 3656; x_wconf 75' lang='lat' dir='ltr'><strong>Notacrgesctacu</strong></span> <span class='ocrx_word' id='word_1_209' title='bbox 651 3586 680 3635; x_wconf 78' lang='lat' dir='ltr'><strong>in</strong></span> <span class='ocrx_word' id='word_1_210' title='bbox 703 3583 749 3635; x_wconf 81' lang='lat' dir='ltr'><strong>der</strong></span> <span class='ocrx_word' id='word_1_211' title='bbox 767 3587 866 3656; x_wconf 73' lang='lat' dir='ltr'><strong>caolgeu</strong></span> <span class='ocrx_word' id='word_1_212' title='bbox 882 3585 971 3637; x_wconf 70' lang='lat' dir='ltr'><strong>Natus·</strong></span> <span class='ocrx_word' id='word_1_213' title='bbox 987 3582 1120 3642; x_wconf 78' lang='lat' dir='ltr'><strong>ltmsclce,</strong></span> <span class='ocrx_word' id='word_1_214' title='bbox 1146 3600 1195 3633; x_wconf 83' lang='lat' dir='ltr'><strong>aus</strong></span> <span class='ocrx_word' id='word_1_215' title='bbox 1211 3582 1320 3633; x_wconf 77' lang='lat' dir='ltr'><strong>tnelclter</strong></span> <span class='ocrx_word' id='word_1_216' title='bbox 1338 3582 1380 3634; x_wconf 78' lang='lat' dir='ltr'><strong>dte</strong></span> <span class='ocrx_word' id='word_1_217' title='bbox 1398 3581 1490 3636; x_wconf 77' lang='lat' dir='ltr'><strong>Gdttcr</strong></span> <span class='ocrx_word' id='word_1_218' title='bbox 1507 3583 1563 3635; x_wconf 76' lang='lat' dir='ltr'><strong>arad</strong></span> <span class='ocrx_word' id='word_1_219' title='bbox 1577 3583 1649 3636; x_wconf 73' lang='lat' dir='ltr'><strong>Mea-</strong></span> 
     </span>
     <span class='ocr_line' id='line_1_25' title="bbox 175 3671 1649 3755; baseline -0.007 -19"><span class='ocrx_word' id='word_1_220' title='bbox 175 3684 252 3736; x_wconf 69' lang='lat' dir='ltr'><strong>set-m</strong></span> <span class='ocrx_word' id='word_1_221' title='bbox 269 3693 445 3755; x_wconf 74' lang='lat' dir='ltr'><strong>enttpruapeu</strong></span> <span class='ocrx_word' id='word_1_222' title='bbox 461 3685 566 3737; x_wconf 67' lang='grc' dir='ltr'><strong>ιυᾶνοιις</strong></span> <span class='ocrx_word' id='word_1_223' title='bbox 594 3680 626 3728; x_wconf 78' lang='lat' dir='ltr'><strong>cf.</strong></span> <span class='ocrx_word' id='word_1_224' title='bbox 644 3676 777 3731; x_wconf 81' lang='lat' dir='ltr'><strong>Welclter.</strong></span> <span class='ocrx_word' id='word_1_225' title='bbox 794 3677 912 3745; x_wconf 75' lang='lat' dir='ltr'><strong>Aesebyl.</strong></span> <span class='ocrx_word' id='word_1_226' title='bbox 929 3675 995 3726; x_wconf 83' lang='lat' dir='ltr'><strong>Tril.</strong></span> <span class='ocrx_word' id='word_1_227' title='bbox 1012 3691 1038 3743; x_wconf 91' lang='lat' dir='ltr'><strong>p.</strong></span> <span class='ocrx_word' id='word_1_228' title='bbox 1049 3674 1120 3726; x_wconf 66' lang='lat'><strong>⁴4⁷:</strong></span> <span class='ocrx_word' id='word_1_229' title='bbox 1143 3691 1172 3724; x_wconf 73' lang='lat' dir='ltr'><strong>so</strong></span> <span class='ocrx_word' id='word_1_230' title='bbox 1190 3674 1224 3724; x_wconf 76' lang='lat' dir='ltr'><strong>ist</strong></span> <span class='ocrx_word' id='word_1_231' title='bbox 1241 3673 1283 3722; x_wconf 79' lang='lat' dir='ltr'><strong>die</strong></span> <span class='ocrx_word' id='word_1_232' title='bbox 1296 3671 1400 3726; x_wconf 70' lang='lat' dir='ltr'><strong>Garat</strong></span> <span class='ocrx_word' id='word_1_233' title='bbox 1416 3674 1649 3746; x_wconf 71' lang='lat' dir='ltr'><strong>derdlutterfldclce</strong></span> 
     </span>
     <span class='ocr_line' id='line_1_26' title="bbox 176 3765 1647 3840; baseline -0.005 -14"><span class='ocrx_word' id='word_1_234' title='bbox 176 3777 204 3826; x_wconf 80' lang='grc' dir='ltr'><strong>ιἰι</strong></span> <span class='ocrx_word' id='word_1_235' title='bbox 227 3774 274 3826; x_wconf 77' lang='lat' dir='ltr'><strong>der</strong></span> <span class='ocrx_word' id='word_1_236' title='bbox 290 3773 379 3824; x_wconf 70' lang='lat' dir='ltr'><strong>Notus·</strong></span> <span class='ocrx_word' id='word_1_237' title='bbox 401 3773 481 3838; x_wconf 76' lang='lat' dir='ltr'><strong>selbst</strong></span> <span class='ocrx_word' id='word_1_238' title='bbox 503 3767 659 3840; x_wconf 63' lang='lat' dir='ltr'><strong>begrdndct,</strong></span> <span class='ocrx_word' id='word_1_239' title='bbox 681 3767 738 3818; x_wconf 78' lang='lat' dir='ltr'><strong>und</strong></span> <span class='ocrx_word' id='word_1_240' title='bbox 755 3767 797 3818; x_wconf 71' lang='lat' dir='ltr'><strong>dte</strong></span> <span class='ocrx_word' id='word_1_241' title='bbox 813 3768 948 3836; x_wconf 75' lang='lat' dir='ltr'><strong>Eriagen,</strong></span> <span class='ocrx_word' id='word_1_242' title='bbox 972 3767 1068 3820; x_wconf 77' lang='lat' dir='ltr'><strong>welcloe</strong></span> <span class='ocrx_word' id='word_1_243' title='bbox 1085 3767 1134 3817; x_wconf 69' lang='lat' dir='ltr'><strong>clas</strong></span> <span class='ocrx_word' id='word_1_244' title='bbox 1153 3765 1244 3818; x_wconf 67' lang='grc' dir='ltr'><strong>(ἔσεαι</strong></span> <span class='ocrx_word' id='word_1_245' title='bbox 1260 3766 1413 3836; x_wconf 67' lang='grc' dir='ltr'><strong>αψίεὶὶωι,</strong></span> <span class='ocrx_word' id='word_1_246' title='bbox 1440 3769 1501 3839; x_wconf 77' lang='lat' dir='ltr'><strong>dass</strong></span> <span class='ocrx_word' id='word_1_247' title='bbox 1518 3770 1578 3820; x_wconf 75' lang='lat' dir='ltr'><strong>teta</strong></span> <span class='ocrx_word' id='word_1_248' title='bbox 1592 3786 1647 3819; x_wconf 80' lang='lat' dir='ltr'><strong>ver-</strong></span> 
     </span>
     <span class='ocr_line' id='line_1_27' title="bbox 176 3857 1238 3932; baseline -0.008 -16"><span class='ocrx_word' id='word_1_249' title='bbox 176 3865 293 3920; x_wconf 72' lang='lat' dir='ltr'><strong>madtes</strong></span> <span class='ocrx_word' id='word_1_250' title='bbox 310 3863 375 3914; x_wconf 76' lang='lat' dir='ltr'><strong>Bau</strong></span> <span class='ocrx_word' id='word_1_251' title='bbox 391 3879 529 3932; x_wconf 72' lang='lat' dir='ltr'><strong>pergama</strong></span> <span class='ocrx_word' id='word_1_252' title='bbox 545 3860 649 3914; x_wconf 68' lang='lat' dir='ltr'><strong>maden</strong></span> <span class='ocrx_word' id='word_1_253' title='bbox 666 3859 732 3919; x_wconf 76' lang='lat' dir='ltr'><strong>roll,</strong></span> <span class='ocrx_word' id='word_1_254' title='bbox 754 3859 866 3930; x_wconf 61' lang='lat' dir='ltr'><strong>geldam</strong></span> <span class='ocrx_word' id='word_1_255' title='bbox 883 3879 941 3912; x_wconf 76' lang='lat' dir='ltr'><strong>aum</strong></span> <span class='ocrx_word' id='word_1_256' title='bbox 957 3861 1029 3912; x_wconf 80' lang='lat' dir='ltr'><strong>alten</strong></span> <span class='ocrx_word' id='word_1_257' title='bbox 1047 3857 1238 3916; x_wconf 73' lang='lat' dir='ltr'><strong>Gdttemtamm.</strong></span> 
     </span>
    </p>
   </div>
   <div class='ocr_carea' id='block_1_4' title="bbox 175 3965 1649 4224">
    <p class='ocr_par' dir='ltr' id='par_1_5' title="bbox 175 3965 1649 4224">
     <span class='ocr_line' id='line_1_28' title="bbox 245 3965 1649 4039; baseline -0.001 -15"><span class='ocrx_word' id='word_1_258' title='bbox 245 3971 313 4039; x_wconf 70' lang='lat'><strong>173)</strong></span> <span class='ocrx_word' id='word_1_259' title='bbox 326 3971 392 4023; x_wconf 71' lang='lat' dir='ltr'><strong>uota</strong></span> <span class='ocrx_word' id='word_1_260' title='bbox 409 3985 451 4020; x_wconf 82' lang='lat' dir='ltr'><strong>res</strong></span> <span class='ocrx_word' id='word_1_261' title='bbox 468 3969 509 4020; x_wconf 83' lang='lat' dir='ltr'><strong>vel</strong></span> <span class='ocrx_word' id='word_1_262' title='bbox 526 3983 557 4019; x_wconf 79' lang='lat' dir='ltr'><strong>ex</strong></span> <span class='ocrx_word' id='word_1_263' title='bbox 574 3967 677 4038; x_wconf 72' lang='lat' dir='ltr'><strong>Hygino</strong></span> <span class='ocrx_word' id='word_1_264' title='bbox 695 3967 759 4022; x_wconf 76' lang='lat' dir='ltr'><strong>Feb.</strong></span> <span class='ocrx_word' id='word_1_265' title='bbox 777 3968 850 4019; x_wconf 83' lang='lat' dir='ltr'><strong>cxx</strong></span> <span class='ocrx_word' id='word_1_266' title='bbox 867 3975 893 4020; x_wconf 81' lang='lat' dir='ltr'><strong>et</strong></span> <span class='ocrx_word' id='word_1_267' title='bbox 911 3968 999 4020; x_wconf 84' lang='lat' dir='ltr'><strong>Servio</strong></span> <span class='ocrx_word' id='word_1_268' title='bbox 1015 3969 1050 4018; x_wconf 76' lang='lat' dir='ltr'><strong>ad</strong></span> <span class='ocrx_word' id='word_1_269' title='bbox 1065 3967 1169 4018; x_wconf 77' lang='lat' dir='ltr'><strong>Aeneid.</strong></span> <span class='ocrx_word' id='word_1_270' title='bbox 1187 3967 1219 4018; x_wconf 92' lang='lat' dir='ltr'><strong>ll.</strong></span> <span class='ocrx_word' id='word_1_271' title='bbox 1238 3965 1305 4029; x_wconf 76' lang='lat' dir='ltr'><strong>tto,</strong></span> <span class='ocrx_word' id='word_1_272' title='bbox 1323 3975 1353 4020; x_wconf 84' lang='lat' dir='ltr'><strong>ut</strong></span> <span class='ocrx_word' id='word_1_273' title='bbox 1369 3971 1470 4020; x_wconf 80' lang='lat' dir='ltr'><strong>mittun</strong></span> <span class='ocrx_word' id='word_1_274' title='bbox 1482 3971 1598 4022; x_wconf 67' lang='lat' dir='ltr'><strong>Taetrum</strong></span> <span class='ocrx_word' id='word_1_275' title='bbox 1614 3973 1649 4024; x_wconf 78' lang='lat' dir='ltr'><strong>acl</strong></span> 
     </span>
     <span class='ocr_line' id='line_1_29' title="bbox 175 4058 1649 4134; baseline -0.001 -18"><span class='ocrx_word' id='word_1_276' title='bbox 175 4065 301 4134; x_wconf 74' lang='lat' dir='ltr'><strong>bycopbr.</strong></span> <span class='ocrx_word' id='word_1_277' title='bbox 313 4081 337 4117; x_wconf 84' lang='lat' dir='ltr'><strong>v.</strong></span> <span class='ocrx_word' id='word_1_278' title='bbox 352 4061 436 4124; x_wconf 71' lang='lat' dir='ltr'><strong>tart,</strong></span> <span class='ocrx_word' id='word_1_279' title='bbox 455 4062 500 4131; x_wconf 82' lang='lat' dir='ltr'><strong>qui</strong></span> <span class='ocrx_word' id='word_1_280' title='bbox 511 4060 611 4113; x_wconf 68' lang='lat' dir='ltr'><strong>tabidas</strong></span> <span class='ocrx_word' id='word_1_281' title='bbox 622 4059 721 4114; x_wconf 71' lang='lat' dir='ltr'><strong>Atticas</strong></span> <span class='ocrx_word' id='word_1_282' title='bbox 738 4060 823 4116; x_wconf 78' lang='lat' dir='ltr'><strong>aliena</strong></span> <span class='ocrx_word' id='word_1_283' title='bbox 839 4061 896 4116; x_wconf 77' lang='lat' dir='ltr'><strong>loeo</strong></span> <span class='ocrx_word' id='word_1_284' title='bbox 911 4061 1065 4124; x_wconf 52' lang='lat' dir='ltr'><strong>immissum</strong></span> <span class='ocrx_word' id='word_1_285' title='bbox 1081 4059 1143 4114; x_wconf 84' lang='lat' dir='ltr'><strong>licet</strong></span> <span class='ocrx_word' id='word_1_286' title='bbox 1159 4058 1227 4112; x_wconf 75' lang='lat' dir='ltr'><strong>enirn</strong></span> <span class='ocrx_word' id='word_1_287' title='bbox 1241 4060 1338 4112; x_wconf 80' lang='lat' dir='ltr'><strong>luerint</strong></span> <span class='ocrx_word' id='word_1_288' title='bbox 1350 4061 1395 4128; x_wconf 78' lang='lat' dir='ltr'><strong>qut</strong></span> <span class='ocrx_word' id='word_1_289' title='bbox 1407 4061 1536 4130; x_wconf 75' lang='lat' dir='ltr'><strong>expiatum</strong></span> <span class='ocrx_word' id='word_1_290' title='bbox 1547 4063 1649 4114; x_wconf 70' lang='lat' dir='ltr'><strong>denam</strong></span> 
     </span>
     <span class='ocr_line' id='line_1_30' title="bbox 1204 4159 1251 4224; baseline 0.021 -1"><span class='ocrx_word' id='word_1_291' title='bbox 1204 4159 1251 4224; x_wconf 80' lang='lat' dir='ltr'><strong>to</strong></span> 
     </span>
    </p>
   </div>
   <div class='ocr_carea' id='block_1_5' title="bbox 0 0 1846 4624">
    <p class='ocr_par' dir='ltr' id='par_1_6' title="bbox 0 0 1846 4624">
     <span class='ocr_line' id='line_1_31' title="bbox 0 0 1846 4624; baseline 0 2"><span class='ocrx_word' id='word_1_292' title='bbox 0 0 1846 4624; x_wconf 95' lang='lat' dir='ltr'><strong> </strong></span> 
     </span>
    </p>
   </div>
  </div>
 </body>
</html>
