3674 4636
817 419 1130 518 ..w-‘⁴

212 641 355 725 neque
388 642 590 700 ererum
620 633 835 728 gestarum
868 615 1003 730 gloria
1031 618 1182 730 reique
1219 619 1687 732 publicaefelicissima

133 817 135 822 ·
213 770 573 862 administratione
602 775 766 889 aliquid
795 775 975 879 deesset,
1003 776 1061 859 ita
1085 776 1194 860 haec
1220 807 1299 863 sua
1322 779 1461 866 studia
1488 784 1687 898 amplecti

211 934 396 1043 videret,
420 955 469 1020 ut
481 938 650 1022 Tecum
668 966 754 1022 non
775 936 903 1021 modo
921 953 969 1046 ut
981 935 1226 1023 Maecenate
1245 941 1491 1054 artiumque
1508 965 1686 1058 patrono

211 1118 253 1184 et
288 1099 456 1183 fautore
492 1097 547 1182 de
582 1098 711 1182 rebus
742 1095 795 1182 ad
824 1125 919 1183 rem
948 1096 1179 1184 literariam
1218 1105 1525 1214 pertinentibus
1555 1108 1686 1192 collo-

212 1259 311 1372 qui,
348 1258 424 1343 sed
453 1233 662 1370 tanquam
693 1286 780 1341 uno
808 1287 862 1343 ex
890 1260 978 1343 suis
1002 1259 1056 1345 de
1079 1263 1335 1376 antiquitatis
1361 1268 1528 1381 ingenio
1555 1289 1685 1384 atque

199 1385 404 1506 ¹institutis
447 1416 716 1504 confabulari
761 1412 1046 1532 virorumque
1084 1420 1310 1510 doctorum
1345 1435 1568 1532 sententias
1607 1459 1686 1516 ex-

210 1581 397 1696 pendere
420 1582 587 1690 liceret;
619 1610 706 1694 qua
733 1608 822 1692 quc
845 1577 1004 1665 diutius
1027 1583 1136 1668 mihi
1158 1585 1394 1670 carendum
1419 1586 1503 1672 fait
1526 1588 1684 1704 volup-

210 1765 314 1852 tate,
353 1776 404 1830 eo
434 1745 650 1830 ardentius
687 1741 985 1828 desiderabam
1022 1743 1253 1856 aliquando
1290 1765 1402 1831 certe
1432 1778 1509 1861 per
1539 1749 1683 1835 literas

208 1913 265 1996 ita
295 1911 362 1994 Te
400 1884 638 2024 appellare,
676 1925 725 1991 ut
758 1904 888 1991 simul
923 1904 1051 1988 etiam
1081 1905 1206 1992 Tuae
1240 1907 1285 1990 in
1315 1937 1387 1992 me
1419 1908 1685 2022 benignitatis
1748 1879 1752 1888 ⁸

209 2087 251 2152 et
274 2095 395 2152 meae
417 2095 516 2179 erga
534 2066 601 2151 Te
624 2063 921 2150 observantiae
943 2079 984 2144 et
1003 2063 1165 2176 pietatis
1185 2068 1329 2180 palam
1350 2089 1685 2158 monumentum

210 2228 396 2314 ederem.
461 2225 518 2309 Et
554 2223 656 2308 huic
695 2221 874 2335 quidem
908 2221 1092 2338 ingenue
1128 2226 1263 2314 fateor
1296 2229 1379 2314 hoc
1414 2231 1534 2346 quod
1566 2261 1683 2318 nune

210 2390 343 2478 offero
380 2387 692 2475 munusculum
735 2387 793 2473 ita
836 2403 1002 2474 tautum
1039 2389 1300 2497 satisfacere,
1343 2393 1420 2477 ubi
1454 2395 1684 2508 recogitem

208 2587 325 2644 nunc
360 2555 510 2640 saltem
547 2553 638 2640 sive
676 2581 752 2666 per
790 2552 994 2664 temporis
1035 2554 1243 2664 augustias
1280 2554 1370 2638 sive
1407 2585 1484 2667 per
1522 2556 1684 2642 virium
1823 2539 1824 2542 Ὺ

208 2747 408 2806 mearum
448 2717 695 2802 tenuitatem
733 2717 875 2826 majus
913 2712 1058 2802 afferri
1090 2744 1174 2800 non
1205 2715 1396 2825 licuisse3
1434 2717 1508 2804 illa
1539 2737 1684 2804 tamen

208 2885 243 2967 si
269 2880 441 2983 eadem,
472 2897 679 2992 quantam
704 2877 807 2961 olim
833 2878 1032 2990 cognovi,
1063 2880 1189 2962 etiam
1213 2907 1330 2962 nunc
1350 2882 1527 2987 mansit,
1557 2913 1682 2998 spero

208 3050 301 3133 fore
323 3064 373 3130 ut
393 3043 477 3127 hoo
499 3071 678 3156 quoque
700 3041 917 3154 quidquid
939 3060 1000 3126 est
1021 3041 1383 3130 schediasmetum
1407 3043 1508 3130 boni
1531 3048 1683 3161 aequi·-
1791 3063 1794 3072 ’

211 3237 298 3322 que
334 3205 557 3314 consulat3
604 3231 796 3317 quorum
831 3200 951 3314 quod
985 3230 1102 3287 nunc
1139 3202 1331 3314 primum
1369 3203 1531 3317 prodit,
1572 3169 1684 3318 inter
1821 3243 1822 3246 κ

210 3372 423 3458 maximas
441 3368 796 3482 interpellationes
816 3366 1021 3486 horisque
1036 3365 1271 3452 subsecivis
1288 3366 1530 3455 festinanter
1550 3351 1684 3484 scrip·

210 3551 326 3635 tum,
370 3535 672 3642 argumentum
709 3555 840 3611 sunm
881 3527 955 3612 vix
991 3524 1211 3610 inchoasse
1250 3526 1413 3614 nedum
1451 3500 1682 3615 absolvisse

210 3693 294 3778 dici
327 3692 502 3807 poterit,
538 3718 684 3804 neque
711 3691 888 3804 reliquis
917 3689 1109 3795 dnobus,
1143 3690 1216 3776 etsi
1247 3692 1436 3777 auctiora
1465 3711 1505 3780 et
1534 3719 1682 3780 emen·

210 3854 375 3942 datiora
399 3855 555 3940 iterum
579 3852 814 3966 prodeunt,
842 3879 945 3940 eam
962 3850 1113 3936 liniam
1144 3847 1347 3934 adhibere
1376 3851 1515 3964 potui,
1546 3880 1681 3964 quem

213 4039 286 4108 aut
304 4019 499 4108 virorum
517 4015 767 4128 doctorum,
791 4018 927 4132 quiin
945 4013 1094 4104 eodem
1114 4032 1365 4138 argumento
1385 4013 1681 4120 elaborarunt,
