3674 4636
764 388 1044 474 ..51-

165 611 209 686 in
233 603 386 698 tabula,
412 605 457 682 in
486 627 565 704 qua
590 604 675 702 ipse
702 603 983 694 Hermannus,
1015 600 1399 701 intelligentissimus
1424 611 1638 702 venustatis

165 756 342 858 politicae
376 754 643 842 existimator,
680 752 828 828 miram
862 753 1015 855 ubique
1052 758 1341 833 sententiarum
1373 759 1640 860 dictionisque

164 904 247 982 vim
267 916 307 978 et
325 905 554 1002 gravitatem
573 925 648 1000 pro
669 899 746 975 loci
770 897 966 1008 cujusque
986 915 1129 979 natura
1151 927 1497 1005 personarumque
1516 907 1639 980 mori-

165 1055 241 1132 bus
267 1060 382 1128 nunc
401 1051 452 1129 ad
475 1071 679 1126 summam
703 1051 944 1130 alacritatem
966 1035 1220 1146 concitatam,
1246 1079 1359 1131 nunc
1382 1057 1431 1133 ad
1454 1058 1641 1135 eximiam
1759 1055 1762 1062 ’

167 1200 381 1280 mollitiem
401 1214 660 1302 temperatam
678 1202 874 1302 agnoscit,
899 1201 1118 1302 politaeque
1139 1203 1386 1303 diligentiam
1407 1206 1452 1280 in
1471 1206 1640 1305 singulis

168 1351 576 1430 honorificentissima
601 1349 875 1428 testificatione
900 1351 1167 1448 prosequitur.

267 1503 389 1579 Missa
420 1502 544 1600 igitur
577 1501 832 1576 internorum
865 1499 1075 1597 signorum
1111 1502 1367 1601 ambiguitate
1399 1504 1448 1580 ad
1482 1517 1642 1587 externa

167 1650 396 1728 testimonia
428 1648 686 1740 revertimur3
729 1671 831 1747 quae
858 1660 993 1726 tamen
1027 1651 1198 1751 etipsa,
1232 1652 1325 1728 licet
1351 1652 1396 1727 in
1424 1652 1642 1732 clarissima

167 1800 258 1874 luce
284 1797 412 1899 posita
439 1798 669 1889 videantur,
696 1799 789 1875 satis
817 1798 968 1900 largam
995 1802 1225 1901 disputandi
1250 1805 1459 1881 materiam
1480 1805 1641 1903 praebe·

166 1947 283 2024 hunt.
341 1947 391 2021 Et
421 1948 602 2047 primum
634 1948 800 2048 quidem
838 1949 887 2024 de
925 1949 1076 2049 judicio
1109 1950 1200 2042 illo,
1235 1951 1279 2027 in
1310 1977 1392 2051 qno
1427 1952 1643 2053 Sophocles

168 2111 371 2176 recentem
398 2057 575 2175 fabulam
595 2097 656 2175 vel
681 2111 834 2196 partem
858 2095 943 2195 ejus
965 2097 1014 2193 ³⁹)
1040 2098 1222 2174 recitasse
1244 2099 1432 2190 traditur,
1457 2099 1642 2198 pluribus

169 2247 371 2349 agendum
389 2213 466 2340 est,
490 2269 578 2324 non
602 2249 726 2326 modo
752 2262 799 2324 ut
820 2249 878 2325 vis
899 2244 984 2344 ejus
1008 2246 1057 2321 ad
1078 2229 1244 2324 aetatem
1264 2246 1421 2326 fabulae
1448 2249 1642 2328 definien-

169 2397 262 2475 dam
286 2411 392 2474 recte
419 2383 684 2489 existimetur,
708 2418 851 2473 verum
876 2396 994 2472 etiam
1021 2409 1069 2470 ut
1090 2407 1171 2473 tota
1193 2396 1277 2495 ejus
1302 2412 1445 2496 natura
1472 2421 1517 2476 ac
1541 2399 1642 2477 ratio

169 2557 369 2644 appareat,
412 2563 515 2643 quae
550 2568 682 2644 quum
721 2545 831 2642 apud
865 2540 1041 2638 reliquos
1078 2555 1258 2618 auctores
1293 2543 1644 2641 locupletissimos

172 2690 434 2780 Ciceronem,
473 2688 763 2780 Plutarchum,
802 2689 1051 2777 Lucienum,
1091 2687 1359 2787 Appuleium,
1405 2690 1509 2764 nihil
1549 2712 1643 2766 con·

170 2837 310 2928 tineat,
335 2848 577 2936 quapropter
597 2835 821 2912 dementiae
842 2837 1061 2932 actionem,
1087 2861 1166 2938 qua
1189 2839 1347 2939 Iophon
1371 2837 1479 2917 filius
1503 2863 1643 2938 paren·

170 2997 253 3059 tem
286 2982 526 3083 Sophoclem
558 2982 732 3083 petierit,
768 3003 790 3059 a
824 2986 1035 3062 communi
1068 2983 1144 3061 fori
1171 2987 1288 3064 Attici
1322 3013 1403 3062 usu
1435 2987 1643 3066 recessisse

174 3141 395 3206 statuamus
414 3127 488 3226 ⁴⁰),
521 3153 609 3206 ecce
637 3131 826 3209 inventus
851 3147 910 3209 est
936 3135 1006 3235 qui
1037 3135 1219 3210 virorum
1246 3135 1458 3210 doctorum
1486 3131 1642 3212 mentes

172 3277 438 3378 perturbaret,
475 3279 611 3355 nescio
644 3282 736 3382 quis
772 3283 1055 3384 grammaticus
1080 3281 1151 3377 4¹),
1188 3279 1302 3378 cujus
1337 3283 1455 3361 verba
1490 3284 1643 3384 integra

147 3562 151 3572 ¹
239 3499 289 3568 59)
313 3499 417 3552 Rectius
434 3502 502 3552 enirn
518 3500 671 3553 Plutarchus
688 3502 723 3553 ad
738 3505 863 3572 paredum
880 3509 980 3556 tantum
999 3501 1032 3570 (v.
1049 3501 1105 3554 668
1119 3503 1185 3570 sqq.)
1202 3505 1357 3576 restringere
1373 3507 1489 3568 videtin,
1514 3511 1581 3575 quod
1598 3513 1646 3565 alii

175 3595 207 3646 de
231 3600 287 3648 tou
314 3594 402 3648 nbula
426 3601 546 3658 umrant5
574 3613 656 3664 neque
679 3597 745 3651 illud
767 3599 950 3672 negligendum
975 3602 1014 3650 est
1037 3597 1185 3650 Ciceronem
1209 3600 1240 3649 de
1265 3599 1378 3648 carmine
1401 3600 1487 3666 potius
1512 3618 1588 3669 quarn
1612 3605 1644 3654 de

172 3685 266 3754 {uda
281 3687 360 3755 loqui.

243 3777 294 3849 aa)
317 3779 485 3850 Παρανοίας
508 3784 634 3834 actionem
656 3785 725 3850 apud
741 3783 907 3837 Athenienses
929 3785 996 3837 tilios
1014 3791 1102 3837 coutm
1118 3792 1237 3853 parentes
1255 3785 1389 3846 hahuisse,
1416 3792 1446 3838 ut
1463 3791 1643 3858 grammaticos

175 3873 319 3934 mittamus,
337 3875 515 3943 Aristophanis
534 3873 627 3941 (Nnhh.
637 3873 706 3946 Md)
724 3883 750 3928 et
768 3877 944 3947 Xenophontis
962 3878 1047 3946 (Mem.
1063 3879 1083 3928 1.
1100 3879 1127 3928 ἢ.
1138 3877 1188 3945 49)
1206 3879 1257 3930 loci
1273 3879 1415 3930 clarissime
1432 3880 1530 3931 docent

242 3970 291 4040 dl)
310 3973 348 4025 Cf.
366 3977 444 4025 ritem
463 3973 596 4042 Sophoclis
613 3978 684 4045 apud
701 3976 811 4029 Brunclt.
827 3994 854 4045 p.
866 3979 904 4030 Xl
922 3984 948 4032 et
965 3979 1048 4031 Schol.
1061 3979 1190 4046 Aristoph.
1201 3981 1265 4032 nan.
1283 3997 1307 4033 v.
1319 3981 1369 4042 75,
1387 3998 1495 4048 quorum
1510 3987 1645 4049 utrumque

175 4068 282 4120 eundem
297 4073 427 4121 securem
443 4069 516 4136 sequi
531 4073 610 4137 patet.

1201 4143 1247 4212 7*
