3684 4624
773 397 1052 480 ..55-

176 613 447 690 auctoritatem
491 609 714 714 praevalere
752 619 1071 685 consentaneum
1110 621 1203 688 erat.
1266 612 1490 690 Prudenter
1526 620 1649 718 igitur

174 759 335 840 eaten'us
371 774 475 838 certe
501 760 677 835 Meierus
713 757 814 856 egit,
847 768 895 830 ut
925 782 1087 839 causam
1119 757 1401 863 Sophocleam,
1433 783 1665 872 postquam*

172 915 281 1015 apud
312 912 481 992 curiales
513 911 724 1010 disceptata
757 920 878 998 esset,
910 913 960 988 ad
985 911 1169 990 heliastas
1197 917 1428 1014 pervenisse
1450 938 1646 1016 censeret;

170 1065 273 1142 illud
299 1078 457 1142 tantrun
484 1063 700 1140 concedere
725 1084 813 1136 non
837 1084 1075 1161 possumus,
1109 1061 1219 1160 quod
1249 1074 1289 1138 et
1312 1062 1416 1163 ipse,
1448 1089 1500 1143 ne
1525 1095 1645 1170 pecu.

169 1212 258 1290 liari
286 1212 508 1289 dementiae
531 1208 682 1309 judicio
705 1209 863 1308 Iophon
888 1221 1042 1305 patrem
1063 1210 1285 1306 postulasse
1310 1213 1529 1309 videretur,
1557 1242 1645 1297 eam

170 1361 245 1436 sibi
276 1361 397 1436 totius
433 1384 572 1436 causae
598 1359 796 1436 rationem
826 1354 1074 1444 informavit,
1104 1369 1152 1428 ut
1176 1356 1344 1433 curiales
1375 1365 1556 1458 quamvis
1583 1390 1643 1444 re·

168 1511 367 1610 prehenso
395 1510 480 1586 filio
506 1523 642 1586 tamen
668 1530 755 1582 non
778 1504 865 1581 ausi
884 1499 964 1578 sint
982 1498 1221 1597 Sophoclem
1243 1517 1433 1602 nepotem
1456 1507 1546 1584 albo
1568 1536 1643 1588 suo

91 1689 95 1698 ·
168 1661 407 1748 adscribere,
431 1680 529 1734 avus
552 1679 639 1732 non
663 1651 856 1732 destiterit
878 1650 927 1726 de
950 1645 1137 1737 consilio,
1161 1667 1249 1722 rem
1268 1647 1455 1764 detulerit
1472 1653 1521 1730 ad
1538 1653 1641 1752 judi.

168 1809 279 1884 cium
307 1806 578 1895 heliasticum,
609 1803 664 1880 ibi
692 1802 852 1903 Iophon
881 1794 1083 1894 repetierit
1107 1793 1256 1892 iactum
1282 1798 1538 1900 desipientiae
1567 1808 1640 1881 cri.

166 1979 282 2048 men,
308 1909 425 2032 M
448 1952 688 2054 repulsaret,
718 1953 836 2052 polita
858 1947 1060 2027 nonnulla
1084 1973 1131 2025 ex
1158 1952 1313 2052 Oedipo
1340 1953 1518 2032 Coloneo
1543 1961 1640 2034 reci-

164 2101 277 2193 tarit3
315 2122 395 2202 qua
430 2099 595 2200 quidem
633 2098 786 2176 ratione
819 2098 924 2174 nibil
955 2111 1028 2176 aut
1058 2100 1231 2176 coactius
1263 2113 1334 2178 aut
1362 2101 1547 2182 licentius
1577 2113 1660 2183 ex?

166 2255 326 2354 cogitari
357 2254 535 2352 potuisse
568 2253 820 2330 arbitramur.
871 2253 1196 2327 Provocationem
1228 2249 1338 2324 enim
1370 2232 1391 2326 a
1423 2251 1639 2364 curialium

165 2402 329 2478 decretis
364 2403 412 2477 ad
447 2399 598 2498 judices
634 2398 792 2475 nullam
826 2401 1015 2476 novimus
1042 2399 1115 2492 l³⁷),
1155 2421 1289 2496 neque
1322 2398 1526 2490 videmus,
1566 2425 1638 2474 cur

164 2563 300 2626 contra
323 2561 383 2622 tot
404 2547 569 2624 testium
592 2546 870 2622 auctoritatem
887 2545 1167 2645 postulationis
1189 2547 1349 2646 culpam
1371 2550 1420 2624 ab
1438 2548 1636 2645 Iophonte

163 2717 461 2784 removeamus,
492 2715 615 2792 quem
642 2691 760 2789 longe
785 2693 867 2768 veri
893 2692 1067 2768 similius
1093 2705 1169 2782 est,
1203 2718 1333 2791 qutun
1360 2691 1505 2768 frustra
1534 2698 1635 2794 patri

161 2841 355 2919 invidiam
381 2838 487 2938 apud
514 2835 681 2912 cruiales
707 2836 880 2913 conflare
906 2854 1110 2933 tentasset,
1141 2853 1300 2940 recepto
1325 2839 1369 2914 in
1397 2837 1536 2915 album
1561 2837 1634 2917 fra·

160 2990 232 3064 tris
262 2987 365 3079 filio,
402 2987 452 3063 ad
487 2986 711 3063 dementiae
744 2987 941 3064 actionem
974 2988 1082 3089 apud
1115 2986 1267 3084 judices
1300 2984 1548 3084 confugisse,
1585 2963 1634 3062 ut

160 3136 475 3237 patrimonium,
498 3135 609 3236 quod
623 3147 787 3209 mortuo
804 3147 914 3233 patre
929 3132 1011 3233 jam
1027 3133 1284 3210 dimidiatum
1300 3145 1457 3208 tantum
1476 3156 1632 3230 sperare

159 3296 310 3384 posset,
343 3282 546 3382 integrtun
576 3283 665 3362 vivo
697 3283 866 3382 eriperet
896 3283 1051 3383 sibique
1084 3282 1353 3360 addicendum
1388 3297 1542 3360 curaret
1569 3283 1630 3381 5⁸).
1724 3337 1726 3342 s

158 3575 223 3630 unde
240 3573 408 3645 intelligimus
425 3590 478 3625 non
494 3573 689 3641 atropatus,
714 3589 803 3626 verum
825 3570 996 3642 cujuscunque
1014 3575 1114 3644 generis
1132 3571 1243 3624 artifices
1260 3575 1352 3623 artium
1370 3587 1472 3625 scarum
1492 3579 1629 3644 specimina

155 3668 182 3718 in
198 3671 261 3737 ipsis
275 3665 381 3738 judiciii
398 3669 515 3721 exhibere
532 3667 619 3720 solitos
637 3683 700 3720 esse.
1138 3658 1140 3662 ¹

224 3777 271 3847 bl)
289 3779 354 3833 Poll.
368 3783 460 3834 Onon.
472 3781 538 3834 Vlll.
550 3779 602 3832 BQ
621 3773 736 3849 Ἔφεσις
754 3782 785 3835 δέ
801 3780 875 3837 ἐστιν
891 3776 960 3836 ὅταν
975 3796 1016 3842 τις
1034 3772 1093 3833 cino
1113 3773 1258 3846 διαιτητῶν
1272 3769 1291 3844 ἢ
1306 3771 1449 3847 ἀρχόντων
1465 3764 1487 3846 ἤ
1502 3778 1629 3847 δημοτῶν

156 3868 202 3923 ἐπὶ
219 3869 348 3940 δικαστήν
363 3868 434 3944 ἐφῇ,
454 3865 473 3944 ἦ
491 3869 548 3928 ἀπὸ
566 3873 676 3944 βουλῆς
693 3872 738 3928 ἐπὶ
757 3875 862 3945 δῆμον,
887 3869 906 3944 ἢ
924 3873 981 3929 tat
999 3873 1091 3942 δήμου
1108 3869 1153 3926 ἐπὶ
1171 3869 1362 3941 δικαστήριον,
1382 3863 1400 3940 ἢ
1417 3868 1474 3926 eino*
1493 3870 1626 3929 δικαστῶν

155 3961 201 4018 ixi
219 3961 327 4024 ξενικόν
343 3967 532 4038 δικαστήριον
557 3969 602 4021 nbi
618 3971 753 4022 curialium
770 3970 867 4020 nullam
884 3951 1036 4022 mentionem
1053 3967 1109 4020 fieri
1126 3973 1240 4035 apparet.

223 4070 269 4139 58)
289 4073 327 4125 Cl.
347 4074 413 4141 disp.
430 4076 463 4127 de
475 4076 534 4145 jure
551 4077 689 4130 domestico
708 4083 734 4129 et
750 4078 871 4128 familiari
887 4093 913 4144 p.
928 4074 970 4127 16.
