<?xml version="1.0" encoding="UTF-8"?>
<!DOCTYPE html PUBLIC "-//W3C//DTD XHTML 1.0 Transitional//EN"
    "http://www.w3.org/TR/xhtml1/DTD/xhtml1-transitional.dtd">
<html xmlns="http://www.w3.org/1999/xhtml" xml:lang="en" lang="en">
 <head>
  <title>
</title>
<meta http-equiv="Content-Type" content="text/html;charset=utf-8" />
  <meta name='ocr-system' content='tesseract 3.04.00' />
  <meta name='ocr-capabilities' content='ocr_page ocr_carea ocr_par ocr_line ocrx_word'/>
</head>
<body>
  <div class='ocr_page' id='page_1' title='image "./quaestionumoedi00hermgoog_0036.png"; bbox 0 0 3674 4636; ppageno 0'>
   <div class='ocr_carea' id='block_1_1' title="bbox 764 384 1047 468">
    <p class='ocr_par' dir='ltr' id='par_1_1' title="bbox 764 384 1047 468">
     <span class='ocr_line' id='line_1_1' title="bbox 764 384 1047 468; baseline 0.007 -4"><span class='ocrx_word' id='word_1_1' title='bbox 764 384 1047 468; x_wconf 58' lang='lat'><strong>2221-</strong></span> 
     </span>
    </p>
   </div>
   <div class='ocr_carea' id='block_1_2' title="bbox 369 553 1274 702">
    <p class='ocr_par' dir='ltr' id='par_1_2' title="bbox 369 553 1274 702">
     <span class='ocr_line' id='line_1_2' title="bbox 369 553 1274 702; baseline -0.074 5"><span class='ocrx_word' id='word_1_2' title='bbox 369 600 537 702; x_wconf 46' lang='grc' dir='ltr'><em>Μεγάλη</em></span> <span class='ocrx_word' id='word_1_3' title='bbox 564 598 753 701; x_wconf 66' lang='grc' dir='ltr'><strong><em>τυραννὶς</em></strong></span> <span class='ocrx_word' id='word_1_4' title='bbox 777 596 891 698; x_wconf 76' lang='grc' dir='ltr'><strong><em>ἀνδρὶ</em></strong></span> <span class='ocrx_word' id='word_1_5' title='bbox 912 553 1034 672; x_wconf 17' lang='grc' dir='ltr'><strong><em>’τέκνα</em></strong></span> <span class='ocrx_word' id='word_1_6' title='bbox 1060 596 1127 673; x_wconf 69' lang='grc' dir='ltr'><strong>καὶ</strong></span> <span class='ocrx_word' id='word_1_7' title='bbox 1151 598 1274 696; x_wconf 61' lang='grc' dir='ltr'><strong><em>γυνή.</em></strong></span> 
     </span>
    </p>
   </div>
   <div class='ocr_carea' id='block_1_3' title="bbox 91 738 1705 3379">
    <p class='ocr_par' dir='ltr' id='par_1_3' title="bbox 91 738 1705 3379">
     <span class='ocr_line' id='line_1_3' title="bbox 365 738 1192 847; baseline -0.002 -23"><span class='ocrx_word' id='word_1_8' title='bbox 365 747 465 846; x_wconf 67' lang='lat' dir='ltr'><strong>&#39;lonc</strong></span> <span class='ocrx_word' id='word_1_9' title='bbox 488 746 564 847; x_wconf 77' lang='grc' dir='ltr'><strong>γὰρ</strong></span> <span class='ocrx_word' id='word_1_10' title='bbox 591 743 704 846; x_wconf 79' lang='grc' dir='ltr'><strong><em>ἀνδρὶ</em></strong></span> <span class='ocrx_word' id='word_1_11' title='bbox 729 742 938 847; x_wconf 75' lang='grc' dir='ltr'><em>συμφορὰν</em></span> <span class='ocrx_word' id='word_1_12' title='bbox 963 738 1064 820; x_wconf 84' lang='grc' dir='ltr'><em>εἶναι</em></span> <span class='ocrx_word' id='word_1_13' title='bbox 1088 746 1192 844; x_wconf 76' lang='grc' dir='ltr'><strong>λέγω</strong></span> 
     </span>
     <span class='ocr_line' id='line_1_4' title="bbox 335 891 1407 1002; baseline 0.007 -31"><span class='ocrx_word' id='word_1_14' title='bbox 335 921 338 925; x_wconf 81' lang='grc'>’</span> <span class='ocrx_word' id='word_1_15' title='bbox 366 896 526 972; x_wconf 70' lang='lat' dir='ltr'><strong>Timon</strong></span> <span class='ocrx_word' id='word_1_16' title='bbox 548 891 588 970; x_wconf 72' lang='grc' dir='ltr'><strong>θ’</strong></span> <span class='ocrx_word' id='word_1_17' title='bbox 616 891 803 994; x_wconf 79' lang='grc' dir='ltr'><em>ἁμαρτεῖν</em></span> <span class='ocrx_word' id='word_1_18' title='bbox 827 892 892 970; x_wconf 79' lang='grc' dir='ltr'><strong>καὶ</strong></span> <span class='ocrx_word' id='word_1_19' title='bbox 919 896 1073 1000; x_wconf 76' lang='grc' dir='ltr'><strong><em>πάτρας</em></strong></span> <span class='ocrx_word' id='word_1_20' title='bbox 1098 899 1164 976; x_wconf 80' lang='grc' dir='ltr'><strong>καὶ</strong></span> <span class='ocrx_word' id='word_1_21' title='bbox 1188 899 1407 1002; x_wconf 76' lang='grc' dir='ltr'><strong><em>χρημάτων</em></strong></span> 
     </span>
     <span class='ocr_line' id='line_1_5' title="bbox 366 1042 1395 1152; baseline 0.005 -28"><span class='ocrx_word' id='word_1_22' title='bbox 366 1043 533 1143; x_wconf 76' lang='grc' dir='ltr'><strong><em>Ἀλόχου</em></strong></span> <span class='ocrx_word' id='word_1_23' title='bbox 557 1071 600 1122; x_wconf 77' lang='grc' dir='ltr'><strong>τε</strong></span> <span class='ocrx_word' id='word_1_24' title='bbox 624 1045 784 1145; x_wconf 76' lang='grc' dir='ltr'><strong>κεδνῆς·</strong></span> <span class='ocrx_word' id='word_1_25' title='bbox 819 1042 875 1132; x_wconf 75' lang='grc' dir='ltr'><strong>ὠς</strong></span> <span class='ocrx_word' id='word_1_26' title='bbox 897 1045 1020 1145; x_wconf 76' lang='grc' dir='ltr'><em>μόνον</em></span> <span class='ocrx_word' id='word_1_27' title='bbox 1044 1050 1127 1129; x_wconf 77' lang='grc' dir='ltr'><strong>τῶν</strong></span> <span class='ocrx_word' id='word_1_28' title='bbox 1150 1049 1395 1152; x_wconf 76' lang='grc' dir='ltr'><em>χρημάτων,</em></span> 
     </span>
     <span class='ocr_line' id='line_1_6' title="bbox 362 1171 1318 1302; baseline 0.004 -32"><span class='ocrx_word' id='word_1_29' title='bbox 362 1189 418 1270; x_wconf 85' lang='grc' dir='ltr'><strong><em>Ἦ</em></strong></span> <span class='ocrx_word' id='word_1_30' title='bbox 436 1192 614 1294; x_wconf 62' lang='lat' dir='ltr'><strong>matraio</strong></span> <span class='ocrx_word' id='word_1_31' title='bbox 639 1171 725 1272; x_wconf 71' lang='lat' dir='ltr'><strong>ton</strong></span> <span class='ocrx_word' id='word_1_32' title='bbox 743 1192 901 1296; x_wconf 69' lang='grc' dir='ltr'><em>τάνδρὶ,</em></span> <span class='ocrx_word' id='word_1_33' title='bbox 933 1195 1103 1302; x_wconf 75' lang='grc' dir='ltr'><em>σώφρον’</em></span> <span class='ocrx_word' id='word_1_34' title='bbox 1131 1195 1182 1274; x_wconf 80' lang='grc' dir='ltr'><strong>ἂν</strong></span> <span class='ocrx_word' id='word_1_35' title='bbox 1207 1195 1318 1300; x_wconf 76' lang='grc' dir='ltr'><strong><em>λάβῃ.</em></strong></span> 
     </span>
     <span class='ocr_line' id='line_1_7' title="bbox 170 1339 1647 1448; baseline 0 -28"><span class='ocrx_word' id='word_1_36' title='bbox 170 1340 257 1420; x_wconf 87' lang='lat' dir='ltr'><strong>Tali</strong></span> <span class='ocrx_word' id='word_1_37' title='bbox 278 1340 476 1418; x_wconf 89' lang='lat' dir='ltr'><strong>nimirum</strong></span> <span class='ocrx_word' id='word_1_38' title='bbox 498 1339 663 1418; x_wconf 86' lang='lat' dir='ltr'><strong>artificio</strong></span> <span class='ocrx_word' id='word_1_39' title='bbox 687 1364 789 1441; x_wconf 92' lang='lat' dir='ltr'><strong>opus</strong></span> <span class='ocrx_word' id='word_1_40' title='bbox 810 1355 893 1418; x_wconf 90' lang='lat' dir='ltr'><strong>erat</strong></span> <span class='ocrx_word' id='word_1_41' title='bbox 909 1348 1111 1447; x_wconf 84' lang='lat' dir='ltr'><strong>Euripidi,</strong></span> <span class='ocrx_word' id='word_1_42' title='bbox 1137 1372 1220 1448; x_wconf 90' lang='lat' dir='ltr'><strong>quo</strong></span> <span class='ocrx_word' id='word_1_43' title='bbox 1241 1360 1280 1422; x_wconf 91' lang='lat' dir='ltr'><strong>et</strong></span> <span class='ocrx_word' id='word_1_44' title='bbox 1299 1359 1514 1444; x_wconf 88' lang='lat' dir='ltr'><strong>utramque</strong></span> <span class='ocrx_word' id='word_1_45' title='bbox 1534 1341 1647 1422; x_wconf 90' lang='lat' dir='ltr'><strong>sabu-</strong></span> 
     </span>
     <span class='ocr_line' id='line_1_8' title="bbox 167 1487 1647 1590; baseline 0.001 -26"><span class='ocrx_word' id='word_1_46' title='bbox 167 1489 229 1569; x_wconf 90' lang='lat' dir='ltr'><strong>lae</strong></span> <span class='ocrx_word' id='word_1_47' title='bbox 249 1502 404 1588; x_wconf 88' lang='lat' dir='ltr'><strong>partem</strong></span> <span class='ocrx_word' id='word_1_48' title='bbox 429 1487 574 1566; x_wconf 90' lang='lat' dir='ltr'><strong>leniter</strong></span> <span class='ocrx_word' id='word_1_49' title='bbox 596 1490 810 1590; x_wconf 80' lang='lat' dir='ltr'><strong>dextreque</strong></span> <span class='ocrx_word' id='word_1_50' title='bbox 835 1491 942 1565; x_wconf 89' lang='lat' dir='ltr'><strong>inter</strong></span> <span class='ocrx_word' id='word_1_51' title='bbox 966 1515 1008 1566; x_wconf 92' lang='lat' dir='ltr'><strong>se</strong></span> <span class='ocrx_word' id='word_1_52' title='bbox 1035 1489 1315 1589; x_wconf 85' lang='lat' dir='ltr'><strong>conjungeret,</strong></span> <span class='ocrx_word' id='word_1_53' title='bbox 1341 1505 1380 1568; x_wconf 91' lang='lat' dir='ltr'><strong>et</strong></span> <span class='ocrx_word' id='word_1_54' title='bbox 1402 1514 1495 1568; x_wconf 80' lang='lat' dir='ltr'><strong>vero</strong></span> <span class='ocrx_word' id='word_1_55' title='bbox 1521 1492 1647 1566; x_wconf 84' lang='lat' dir='ltr'><strong>exitus</strong></span> 
     </span>
     <span class='ocr_line' id='line_1_9' title="bbox 166 1636 1647 1741; baseline -0.001 -26"><span class='ocrx_word' id='word_1_56' title='bbox 166 1637 429 1725; x_wconf 76' lang='lat' dir='ltr'><strong>atrocitatem,</strong></span> <span class='ocrx_word' id='word_1_57' title='bbox 457 1658 581 1736; x_wconf 86' lang='lat' dir='ltr'><strong>quam</strong></span> <span class='ocrx_word' id='word_1_58' title='bbox 608 1658 875 1736; x_wconf 89' lang='lat' dir='ltr'><strong>praepropero</strong></span> <span class='ocrx_word' id='word_1_59' title='bbox 898 1636 969 1713; x_wconf 85' lang='lat' dir='ltr'><strong>illo</strong></span> <span class='ocrx_word' id='word_1_60' title='bbox 990 1639 1135 1740; x_wconf 89' lang='lat' dir='ltr'><strong>Oedipi</strong></span> <span class='ocrx_word' id='word_1_61' title='bbox 1157 1639 1355 1741; x_wconf 88' lang='lat' dir='ltr'><strong>supplicio</strong></span> <span class='ocrx_word' id='word_1_62' title='bbox 1377 1639 1489 1716; x_wconf 86' lang='lat' dir='ltr'><strong>valde</strong></span> <span class='ocrx_word' id='word_1_63' title='bbox 1512 1640 1647 1716; x_wconf 92' lang='lat' dir='ltr'><strong>minui</strong></span> 
     </span>
     <span class='ocr_line' id='line_1_10' title="bbox 166 1784 1647 1888; baseline 0.001 -26"><span class='ocrx_word' id='word_1_64' title='bbox 166 1786 412 1888; x_wconf 80' lang='lat' dir='ltr'><strong>infringique</strong></span> <span class='ocrx_word' id='word_1_65' title='bbox 437 1784 633 1878; x_wconf 87' lang='lat' dir='ltr'><strong>vidimus,</strong></span> <span class='ocrx_word' id='word_1_66' title='bbox 666 1809 739 1885; x_wconf 92' lang='lat' dir='ltr'><strong>per</strong></span> <span class='ocrx_word' id='word_1_67' title='bbox 768 1785 1075 1885; x_wconf 84' lang='lat' dir='ltr'><strong>inexspectatam</strong></span> <span class='ocrx_word' id='word_1_68' title='bbox 1105 1786 1355 1863; x_wconf 83' lang='lat' dir='ltr'><strong>matrimonii</strong></span> <span class='ocrx_word' id='word_1_69' title='bbox 1393 1784 1647 1885; x_wconf 89' lang='lat' dir='ltr'><strong>ruptionem,</strong></span> 
     </span>
     <span class='ocr_line' id='line_1_11' title="bbox 167 1934 1647 2039; baseline 0 -27"><span class='ocrx_word' id='word_1_70' title='bbox 167 1937 277 2039; x_wconf 88' lang='lat' dir='ltr'><strong>quod</strong></span> <span class='ocrx_word' id='word_1_71' title='bbox 309 1937 482 2014; x_wconf 90' lang='lat' dir='ltr'><strong>unicum</strong></span> <span class='ocrx_word' id='word_1_72' title='bbox 514 1935 583 2011; x_wconf 90' lang='lat' dir='ltr'><strong>ille</strong></span> <span class='ocrx_word' id='word_1_73' title='bbox 613 1934 910 2034; x_wconf 55' lang='lat' dir='ltr'><strong>sibifsolatium</strong></span> <span class='ocrx_word' id='word_1_74' title='bbox 941 1934 1127 2011; x_wconf 88' lang='lat' dir='ltr'><strong>relictum</strong></span> <span class='ocrx_word' id='word_1_75' title='bbox 1160 1949 1357 2036; x_wconf 87' lang='lat' dir='ltr'><strong>putasset,</strong></span> <span class='ocrx_word' id='word_1_76' title='bbox 1394 1935 1647 2036; x_wconf 87' lang='lat' dir='ltr'><strong>aliquatenus</strong></span> 
     </span>
     <span class='ocr_line' id='line_1_12' title="bbox 166 2083 1647 2187; baseline -0.005 -21"><span class='ocrx_word' id='word_1_77' title='bbox 166 2087 395 2166; x_wconf 88' lang='lat' dir='ltr'><strong>restitueret</strong></span> <span class='ocrx_word' id='word_1_78' title='bbox 422 2100 541 2186; x_wconf 78' lang='lat' dir='ltr'><strong>atque</strong></span> <span class='ocrx_word' id='word_1_79' title='bbox 572 2099 752 2185; x_wconf 85' lang='lat' dir='ltr'><strong>augeret,</strong></span> <span class='ocrx_word' id='word_1_80' title='bbox 787 2099 1020 2187; x_wconf 88' lang='lat' dir='ltr'><strong>quantoque</strong></span> <span class='ocrx_word' id='word_1_81' title='bbox 1050 2083 1290 2184; x_wconf 90' lang='lat' dir='ltr'><strong>praeclarius</strong></span> <span class='ocrx_word' id='word_1_82' title='bbox 1320 2083 1444 2159; x_wconf 89' lang='lat' dir='ltr'><strong>modo</strong></span> <span class='ocrx_word' id='word_1_83' title='bbox 1473 2086 1647 2159; x_wconf 85' lang='lat' dir='ltr'><strong>locastae</strong></span> 
     </span>
     <span class='ocr_line' id='line_1_13' title="bbox 165 2232 1646 2336; baseline -0.003 -26"><span class='ocrx_word' id='word_1_84' title='bbox 165 2237 379 2336; x_wconf 82' lang='lat' dir='ltr'><strong>ingenium</strong></span> <span class='ocrx_word' id='word_1_85' title='bbox 402 2236 530 2312; x_wconf 88' lang='lat' dir='ltr'><strong>verbis</strong></span> <span class='ocrx_word' id='word_1_86' title='bbox 551 2248 794 2326; x_wconf 84' lang='lat' dir='ltr'><strong>exornasset,</strong></span> <span class='ocrx_word' id='word_1_87' title='bbox 821 2249 933 2313; x_wconf 92' lang='lat' dir='ltr'><strong>tanto</strong></span> <span class='ocrx_word' id='word_1_88' title='bbox 952 2259 1040 2314; x_wconf 91' lang='lat' dir='ltr'><strong>eam</strong></span> <span class='ocrx_word' id='word_1_89' title='bbox 1063 2234 1397 2313; x_wconf 90' lang='lat' dir='ltr'><strong>detestabiliorem</strong></span> <span class='ocrx_word' id='word_1_90' title='bbox 1417 2257 1512 2308; x_wconf 84' lang='lat' dir='ltr'><strong>mox</strong></span> <span class='ocrx_word' id='word_1_91' title='bbox 1533 2232 1646 2308; x_wconf 89' lang='lat' dir='ltr'><strong>omni</strong></span> 
     </span>
     <span class='ocr_line' id='line_1_14' title="bbox 165 2347 1646 2482; baseline -0.005 -22"><span class='ocrx_word' id='word_1_92' title='bbox 165 2381 315 2482; x_wconf 84' lang='lat' dir='ltr'><strong>flagitio</strong></span> <span class='ocrx_word' id='word_1_93' title='bbox 344 2396 479 2482; x_wconf 89' lang='lat' dir='ltr'><strong>aperto</strong></span> <span class='ocrx_word' id='word_1_94' title='bbox 505 2405 549 2458; x_wconf 92' lang='lat' dir='ltr'><strong>re</strong></span> <span class='ocrx_word' id='word_1_95' title='bbox 574 2382 659 2481; x_wconf 89' lang='lat' dir='ltr'><strong>ipsa</strong></span> <span class='ocrx_word' id='word_1_96' title='bbox 683 2384 971 2482; x_wconf 86' lang='lat' dir='ltr'><strong>spectatoribus</strong></span> <span class='ocrx_word' id='word_1_97' title='bbox 996 2347 1232 2461; x_wconf 81' lang='lat' dir='ltr'><strong>ostenderet.</strong></span> <span class='ocrx_word' id='word_1_98' title='bbox 1282 2387 1422 2482; x_wconf 86' lang='lat' dir='ltr'><strong>Neque</strong></span> <span class='ocrx_word' id='word_1_99' title='bbox 1447 2380 1557 2454; x_wconf 89' lang='lat' dir='ltr'><strong>enim</strong></span> <span class='ocrx_word' id='word_1_100' title='bbox 1585 2379 1646 2453; x_wconf 92' lang='lat' dir='ltr'><strong>in·</strong></span> 
     </span>
     <span class='ocr_line' id='line_1_15' title="bbox 163 2527 1675 2631; baseline -0.001 -27"><span class='ocrx_word' id='word_1_101' title='bbox 163 2528 288 2628; x_wconf 85' lang='lat' dir='ltr'><strong>telligi</strong></span> <span class='ocrx_word' id='word_1_102' title='bbox 306 2544 460 2628; x_wconf 90' lang='lat' dir='ltr'><strong>posset,</strong></span> <span class='ocrx_word' id='word_1_103' title='bbox 486 2531 693 2628; x_wconf 88' lang='lat' dir='ltr'><strong>quomodo</strong></span> <span class='ocrx_word' id='word_1_104' title='bbox 713 2533 945 2631; x_wconf 88' lang='lat' dir='ltr'><strong>Euripides,</strong></span> <span class='ocrx_word' id='word_1_105' title='bbox 972 2556 1096 2630; x_wconf 87' lang='lat' dir='ltr'><strong>quem</strong></span> <span class='ocrx_word' id='word_1_106' title='bbox 1109 2531 1311 2608; x_wconf 87' lang='lat' dir='ltr'><strong>acerrimo</strong></span> <span class='ocrx_word' id='word_1_107' title='bbox 1331 2530 1425 2607; x_wconf 91' lang='lat' dir='ltr'><strong>odio</strong></span> <span class='ocrx_word' id='word_1_108' title='bbox 1445 2527 1644 2603; x_wconf 90' lang='lat' dir='ltr'><strong>muliebre</strong></span> <span class='ocrx_word' id='word_1_109' title='bbox 1672 2559 1675 2570; x_wconf 91' lang='lat'>·</span> 
     </span>
     <span class='ocr_line' id='line_1_16' title="bbox 163 2659 1705 2780; baseline -0.003 -25"><span class='ocrx_word' id='word_1_110' title='bbox 163 2703 294 2780; x_wconf 85' lang='lat' dir='ltr'><strong>genus</strong></span> <span class='ocrx_word' id='word_1_111' title='bbox 321 2701 445 2753; x_wconf 88' lang='lat' dir='ltr'><strong>omne</strong></span> <span class='ocrx_word' id='word_1_112' title='bbox 469 2689 727 2776; x_wconf 87' lang='lat' dir='ltr'><strong>persecutum</strong></span> <span class='ocrx_word' id='word_1_113' title='bbox 754 2701 841 2754; x_wconf 87' lang='lat' dir='ltr'><strong>esse</strong></span> <span class='ocrx_word' id='word_1_114' title='bbox 869 2692 1022 2755; x_wconf 90' lang='lat' dir='ltr'><strong>constat</strong></span> <span class='ocrx_word' id='word_1_115' title='bbox 1042 2677 1110 2775; x_wconf 77' lang='lat'><strong>³⁰),</strong></span> <span class='ocrx_word' id='word_1_116' title='bbox 1143 2683 1338 2755; x_wconf 90' lang='lat' dir='ltr'><strong>Iocastam</strong></span> <span class='ocrx_word' id='word_1_117' title='bbox 1365 2677 1643 2777; x_wconf 87' lang='lat' dir='ltr'><strong>potissimum,</strong></span> <span class='ocrx_word' id='word_1_118' title='bbox 1697 2659 1705 2669; x_wconf 53' lang='lat'>⁵</span> 
     </span>
     <span class='ocr_line' id='line_1_17' title="bbox 127 2823 1643 2930; baseline -0.001 -26"><span class='ocrx_word' id='word_1_119' title='bbox 127 2849 131 2858; x_wconf 86' lang='grc'><strong>’</strong></span> <span class='ocrx_word' id='word_1_120' title='bbox 165 2851 268 2930; x_wconf 82' lang='lat' dir='ltr'><strong>quae</strong></span> <span class='ocrx_word' id='word_1_121' title='bbox 290 2839 444 2905; x_wconf 85' lang='lat' dir='ltr'><strong>tantam</strong></span> <span class='ocrx_word' id='word_1_122' title='bbox 463 2847 578 2903; x_wconf 85' lang='lat' dir='ltr'><strong>verae</strong></span> <span class='ocrx_word' id='word_1_123' title='bbox 601 2823 926 2924; x_wconf 87' lang='lat' dir='ltr'><strong>reprehensionis</strong></span> <span class='ocrx_word' id='word_1_124' title='bbox 945 2828 1153 2906; x_wconf 89' lang='lat' dir='ltr'><strong>materiam</strong></span> <span class='ocrx_word' id='word_1_125' title='bbox 1173 2826 1394 2928; x_wconf 88' lang='lat' dir='ltr'><strong>praeberet,</strong></span> <span class='ocrx_word' id='word_1_126' title='bbox 1421 2839 1469 2900; x_wconf 90' lang='lat' dir='ltr'><strong>ut</strong></span> <span class='ocrx_word' id='word_1_127' title='bbox 1489 2825 1643 2926; x_wconf 91' lang='lat' dir='ltr'><strong>probis·</strong></span> 
     </span>
     <span class='ocr_line' id='line_1_18' title="bbox 164 2971 1643 3077; baseline -0.001 -23"><span class='ocrx_word' id='word_1_128' title='bbox 164 2979 290 3056; x_wconf 89' lang='lat' dir='ltr'><strong>simae</strong></span> <span class='ocrx_word' id='word_1_129' title='bbox 314 2973 489 3054; x_wconf 88' lang='lat' dir='ltr'><strong>feminae</strong></span> <span class='ocrx_word' id='word_1_130' title='bbox 515 2974 717 3075; x_wconf 87' lang='lat' dir='ltr'><strong>exemplar</strong></span> <span class='ocrx_word' id='word_1_131' title='bbox 742 2976 1033 3077; x_wconf 82' lang='lat' dir='ltr'><strong>proposuisset,</strong></span> <span class='ocrx_word' id='word_1_132' title='bbox 1066 2977 1146 3053; x_wconf 93' lang='lat' dir='ltr'><strong>nisi</strong></span> <span class='ocrx_word' id='word_1_133' title='bbox 1174 3001 1270 3054; x_wconf 88' lang='lat' dir='ltr'><strong>eum</strong></span> <span class='ocrx_word' id='word_1_134' title='bbox 1302 2971 1461 3055; x_wconf 87' lang='lat' dir='ltr'><strong>fabulae</strong></span> <span class='ocrx_word' id='word_1_135' title='bbox 1491 2977 1643 3054; x_wconf 79' lang='lat' dir='ltr'><strong>exitum</strong></span> 
     </span>
     <span class='ocr_line' id='line_1_19' title="bbox 91 3123 1644 3227; baseline -0.004 -19"><span class='ocrx_word' id='word_1_136' title='bbox 91 3189 98 3199; x_wconf 83' lang='lat'><em>.</em></span> <span class='ocrx_word' id='word_1_137' title='bbox 165 3131 418 3217; x_wconf 88' lang='lat' dir='ltr'><strong>destinasset,</strong></span> <span class='ocrx_word' id='word_1_138' title='bbox 444 3151 526 3227; x_wconf 90' lang='lat' dir='ltr'><strong>quo</strong></span> <span class='ocrx_word' id='word_1_139' title='bbox 552 3125 687 3202; x_wconf 90' lang='lat' dir='ltr'><strong>omnis</strong></span> <span class='ocrx_word' id='word_1_140' title='bbox 712 3126 1018 3204; x_wconf 81' lang='lat' dir='ltr'><strong>illa-verborum</strong></span> <span class='ocrx_word' id='word_1_141' title='bbox 1044 3123 1225 3224; x_wconf 91' lang='lat' dir='ltr'><strong>jactantia</strong></span> <span class='ocrx_word' id='word_1_142' title='bbox 1253 3127 1297 3200; x_wconf 91' lang='lat' dir='ltr'><strong>in</strong></span> <span class='ocrx_word' id='word_1_143' title='bbox 1318 3126 1575 3206; x_wconf 88' lang='lat' dir='ltr'><strong>mendacium</strong></span> <span class='ocrx_word' id='word_1_144' title='bbox 1605 3142 1644 3204; x_wconf 89' lang='lat' dir='ltr'><strong>et</strong></span> 
     </span>
     <span class='ocr_line' id='line_1_20' title="bbox 163 3245 1641 3379; baseline -0.002 -19"><span class='ocrx_word' id='word_1_145' title='bbox 163 3282 378 3360; x_wconf 89' lang='lat' dir='ltr'><strong>vanitatem</strong></span> <span class='ocrx_word' id='word_1_146' title='bbox 401 3245 642 3364; x_wconf 55' lang='lat' dir='ltr'><strong>verteretur}</strong></span> <span class='ocrx_word' id='word_1_147' title='bbox 678 3298 847 3378; x_wconf 90' lang='lat' dir='ltr'><strong>eamque</strong></span> <span class='ocrx_word' id='word_1_148' title='bbox 872 3302 1006 3358; x_wconf 90' lang='lat' dir='ltr'><strong>revera</strong></span> <span class='ocrx_word' id='word_1_149' title='bbox 1027 3279 1113 3379; x_wconf 88' lang='lat' dir='ltr'><strong>ejus</strong></span> <span class='ocrx_word' id='word_1_150' title='bbox 1139 3293 1320 3356; x_wconf 87' lang='lat' dir='ltr'><strong>mentem</strong></span> <span class='ocrx_word' id='word_1_151' title='bbox 1344 3277 1469 3356; x_wconf 82' lang='lat' dir='ltr'><strong>fuisse</strong></span> <span class='ocrx_word' id='word_1_152' title='bbox 1496 3293 1641 3359; x_wconf 89' lang='lat' dir='ltr'><strong>testan-</strong></span> 
     </span>
    </p>
   </div>
   <div class='ocr_carea' id='block_1_4' title="bbox 160 3459 545 3486">
    <p class='ocr_par' dir='ltr' id='par_1_4' title="bbox 160 3459 545 3486">
     <span class='ocr_line' id='line_1_21' title="bbox 160 3459 545 3486; baseline -0.016 -4"><span class='ocrx_word' id='word_1_153' title='bbox 160 3459 545 3486; x_wconf 60' lang='lat' dir='ltr'><strong>...nunna-nu·-</strong></span> 
     </span>
    </p>
   </div>
   <div class='ocr_carea' id='block_1_5' title="bbox 162 3564 1642 3826">
    <p class='ocr_par' dir='ltr' id='par_1_5' title="bbox 162 3564 1642 3826">
     <span class='ocr_line' id='line_1_22' title="bbox 163 3564 1642 3638; baseline 0.001 -17"><span class='ocrx_word' id='word_1_154' title='bbox 163 3588 209 3632; x_wconf 73' lang='grc' dir='ltr'><strong>οι,</strong></span> <span class='ocrx_word' id='word_1_155' title='bbox 234 3586 299 3638; x_wconf 75' lang='lat' dir='ltr'><strong>quac</strong></span> <span class='ocrx_word' id='word_1_156' title='bbox 323 3570 415 3620; x_wconf 84' lang='lat' dir='ltr'><strong>merito</strong></span> <span class='ocrx_word' id='word_1_157' title='bbox 438 3566 552 3618; x_wconf 68' lang='lat' dir='ltr'><strong>loetum</strong></span> <span class='ocrx_word' id='word_1_158' title='bbox 576 3564 806 3634; x_wconf 74' lang='lat' dir='ltr'><strong>exprobrarentur,</strong></span> <span class='ocrx_word' id='word_1_159' title='bbox 832 3569 901 3636; x_wconf 81' lang='lat' dir='ltr'><strong>quod</strong></span> <span class='ocrx_word' id='word_1_160' title='bbox 917 3569 1060 3637; x_wconf 77' lang='lat' dir='ltr'><strong>praesentio</strong></span> <span class='ocrx_word' id='word_1_161' title='bbox 1079 3570 1166 3636; x_wconf 80' lang='lat' dir='ltr'><strong>potius</strong></span> <span class='ocrx_word' id='word_1_162' title='bbox 1182 3569 1339 3620; x_wconf 82' lang='lat' dir='ltr'><strong>matrimonii</strong></span> <span class='ocrx_word' id='word_1_163' title='bbox 1356 3571 1517 3624; x_wconf 86' lang='lat' dir='ltr'><strong>dulcedinem</strong></span> <span class='ocrx_word' id='word_1_164' title='bbox 1533 3573 1642 3624; x_wconf 85' lang='lat' dir='ltr'><strong>retinere</strong></span> 
     </span>
     <span class='ocr_line' id='line_1_23' title="bbox 163 3655 1641 3736; baseline -0.004 -18"><span class='ocrx_word' id='word_1_165' title='bbox 163 3655 240 3736; x_wconf 55' lang='lat' dir='ltr'><strong>duam</strong></span> <span class='ocrx_word' id='word_1_166' title='bbox 260 3665 365 3733; x_wconf 78' lang='lat' dir='ltr'><strong>pristini</strong></span> <span class='ocrx_word' id='word_1_167' title='bbox 386 3662 536 3714; x_wconf 79' lang='lat' dir='ltr'><strong>memoriam</strong></span> <span class='ocrx_word' id='word_1_168' title='bbox 557 3660 600 3714; x_wconf 81' lang='lat' dir='ltr'><strong>vel</strong></span> <span class='ocrx_word' id='word_1_169' title='bbox 616 3661 643 3712; x_wconf 88' lang='lat' dir='ltr'><strong>iu</strong></span> <span class='ocrx_word' id='word_1_170' title='bbox 659 3663 718 3730; x_wconf 82' lang='lat' dir='ltr'><strong>ipro</strong></span> <span class='ocrx_word' id='word_1_171' title='bbox 735 3663 828 3714; x_wconf 75' lang='lat' dir='ltr'><strong>marito</strong></span> <span class='ocrx_word' id='word_1_172' title='bbox 846 3663 937 3714; x_wconf 89' lang='lat' dir='ltr'><strong>ulcisci</strong></span> <span class='ocrx_word' id='word_1_173' title='bbox 953 3663 1058 3723; x_wconf 86' lang='lat' dir='ltr'><strong>mullet,</strong></span> <span class='ocrx_word' id='word_1_174' title='bbox 1084 3660 1157 3731; x_wconf 81' lang='lat' dir='ltr'><strong>cujus</strong></span> <span class='ocrx_word' id='word_1_175' title='bbox 1175 3663 1353 3714; x_wconf 82' lang='lat' dir='ltr'><strong>irreverentiae</strong></span> <span class='ocrx_word' id='word_1_176' title='bbox 1366 3661 1452 3732; x_wconf 78' lang='lat' dir='ltr'><strong>justas</strong></span> <span class='ocrx_word' id='word_1_177' title='bbox 1468 3679 1528 3714; x_wconf 83' lang='lat' dir='ltr'><strong>mox</strong></span> <span class='ocrx_word' id='word_1_178' title='bbox 1545 3679 1641 3732; x_wconf 84' lang='lat' dir='ltr'><strong>poenos</strong></span> 
     </span>
     <span class='ocr_line' id='line_1_24' title="bbox 162 3753 1641 3826; baseline -0.004 -16"><span class='ocrx_word' id='word_1_179' title='bbox 162 3759 226 3822; x_wconf 86' lang='lat' dir='ltr'><strong>luit,</strong></span> <span class='ocrx_word' id='word_1_180' title='bbox 252 3774 330 3826; x_wconf 77' lang='lat' dir='ltr'><strong>quum</strong></span> <span class='ocrx_word' id='word_1_181' title='bbox 354 3771 411 3806; x_wconf 78' lang='lat' dir='ltr'><strong>eam</strong></span> <span class='ocrx_word' id='word_1_182' title='bbox 432 3753 483 3805; x_wconf 84' lang='lat' dir='ltr'><strong>sibi</strong></span> <span class='ocrx_word' id='word_1_183' title='bbox 501 3769 559 3805; x_wconf 89' lang='lat' dir='ltr'><strong>cum</strong></span> <span class='ocrx_word' id='word_1_184' title='bbox 576 3753 680 3822; x_wconf 86' lang='lat' dir='ltr'><strong>Oedipo</strong></span> <span class='ocrx_word' id='word_1_185' title='bbox 697 3755 910 3808; x_wconf 80' lang='lat' dir='ltr'><strong>necessitudinem</strong></span> <span class='ocrx_word' id='word_1_186' title='bbox 926 3756 1083 3807; x_wconf 82' lang='lat' dir='ltr'><strong>intercedere</strong></span> <span class='ocrx_word' id='word_1_187' title='bbox 1099 3759 1238 3821; x_wconf 74' lang='lat' dir='ltr'><strong>appareat,</strong></span> <span class='ocrx_word' id='word_1_188' title='bbox 1263 3759 1339 3805; x_wconf 88' lang='lat' dir='ltr'><strong>utne</strong></span> <span class='ocrx_word' id='word_1_189' title='bbox 1358 3755 1395 3806; x_wconf 91' lang='lat' dir='ltr'><strong>sic</strong></span> <span class='ocrx_word' id='word_1_190' title='bbox 1412 3754 1515 3820; x_wconf 84' lang='lat' dir='ltr'><strong>quidem</strong></span> <span class='ocrx_word' id='word_1_191' title='bbox 1531 3755 1641 3825; x_wconf 77' lang='lat' dir='ltr'><strong>amplius</strong></span> 
     </span>
    </p>
   </div>
   <div class='ocr_carea' id='block_1_6' title="bbox 160 3847 593 3916">
    <p class='ocr_par' dir='ltr' id='par_1_6' title="bbox 160 3847 593 3916">
     <span class='ocr_line' id='line_1_25' title="bbox 160 3847 593 3916; baseline -0.021 -10"><span class='ocrx_word' id='word_1_192' title='bbox 160 3851 232 3906; x_wconf 82' lang='lat' dir='ltr'><strong>illim</strong></span> <span class='ocrx_word' id='word_1_193' title='bbox 249 3850 429 3904; x_wconf 78' lang='lat' dir='ltr'><strong>cousuetudine</strong></span> <span class='ocrx_word' id='word_1_194' title='bbox 447 3850 485 3900; x_wconf 90' lang='lat' dir='ltr'><strong>uti</strong></span> <span class='ocrx_word' id='word_1_195' title='bbox 502 3847 593 3916; x_wconf 81' lang='lat' dir='ltr'><strong>possit.</strong></span> 
     </span>
    </p>
   </div>
   <div class='ocr_carea' id='block_1_7' title="bbox 162 3947 1638 4152">
    <p class='ocr_par' dir='ltr' id='par_1_7' title="bbox 162 3947 1638 4152">
     <span class='ocr_line' id='line_1_26' title="bbox 230 3947 1638 4038; baseline -0.009 -17"><span class='ocrx_word' id='word_1_196' title='bbox 230 3967 278 4034; x_wconf 74' lang='lat'><strong>59)</strong></span> <span class='ocrx_word' id='word_1_197' title='bbox 297 3967 337 4020; x_wconf 76' lang='lat' dir='ltr'><strong>(lt.</strong></span> <span class='ocrx_word' id='word_1_198' title='bbox 355 3967 420 4018; x_wconf 84' lang='lat' dir='ltr'><strong>Geli.</strong></span> <span class='ocrx_word' id='word_1_199' title='bbox 438 3965 553 4038; x_wconf 65' lang='grc' dir='ltr'><strong>Χᾙθ</strong></span> <span class='ocrx_word' id='word_1_200' title='bbox 570 3971 597 4017; x_wconf 84' lang='lat' dir='ltr'><strong>ct</strong></span> <span class='ocrx_word' id='word_1_201' title='bbox 613 3961 1020 4035; x_wconf 65' lang='lat' dir='ltr'><strong>intpp.chrirtopb1a5sistr.</strong></span> <span class='ocrx_word' id='word_1_202' title='bbox 1046 3980 1070 4016; x_wconf 85' lang='lat' dir='ltr'><strong>v.</strong></span> <span class='ocrx_word' id='word_1_203' title='bbox 1087 3963 1142 4016; x_wconf 70' lang='lat'><strong>285</strong></span> <span class='ocrx_word' id='word_1_204' title='bbox 1158 3971 1185 4016; x_wconf 84' lang='lat' dir='ltr'><strong>ct</strong></span> <span class='ocrx_word' id='word_1_205' title='bbox 1196 3963 1259 4020; x_wconf 77' lang='grc'>568.</span> <span class='ocrx_word' id='word_1_206' title='bbox 1294 3965 1426 4016; x_wconf 69' lang='lat' dir='ltr'><strong>Laudatur</strong></span> <span class='ocrx_word' id='word_1_207' title='bbox 1443 3968 1468 4013; x_wconf 88' lang='lat' dir='ltr'><strong>et</strong></span> <span class='ocrx_word' id='word_1_208' title='bbox 1485 3947 1570 4011; x_wconf 75' lang='lat' dir='ltr'><strong>Lenzii</strong></span> <span class='ocrx_word' id='word_1_209' title='bbox 1588 3959 1638 4009; x_wconf 86' lang='lat' dir='ltr'><strong>dis·</strong></span> 
     </span>
     <span class='ocr_line' id='line_1_27' title="bbox 162 4056 1309 4152; baseline -0.003 -40"><span class='ocrx_word' id='word_1_210' title='bbox 162 4059 268 4112; x_wconf 76' lang='lat' dir='ltr'><strong>certatio</strong></span> <span class='ocrx_word' id='word_1_211' title='bbox 285 4059 312 4110; x_wconf 84' lang='lat' dir='ltr'><strong>iu</strong></span> <span class='ocrx_word' id='word_1_212' title='bbox 328 4057 400 4112; x_wconf 73' lang='lat' dir='ltr'><strong>Nova</strong></span> <span class='ocrx_word' id='word_1_213' title='bbox 417 4056 572 4112; x_wconf 73' lang='lat' dir='ltr'><strong>bibliothece</strong></span> <span class='ocrx_word' id='word_1_214' title='bbox 589 4057 775 4130; x_wconf 73' lang='lat' dir='ltr'><strong>elegantiarum</strong></span> <span class='ocrx_word' id='word_1_215' title='bbox 788 4058 925 4152; x_wconf 68' lang='lat' dir='ltr'><strong>‘literarum</strong></span> <span class='ocrx_word' id='word_1_216' title='bbox 942 4061 973 4112; x_wconf 89' lang='grc' dir='ltr'><strong>Τ.</strong></span> <span class='ocrx_word' id='word_1_217' title='bbox 985 4059 1081 4122; x_wconf 79' lang='lat' dir='ltr'><strong>tvm,</strong></span> <span class='ocrx_word' id='word_1_218' title='bbox 1099 4076 1126 4128; x_wconf 80' lang='lat' dir='ltr'><strong>p.</strong></span> <span class='ocrx_word' id='word_1_219' title='bbox 1139 4059 1193 4114; x_wconf 76' lang='lat' dir='ltr'><strong>lat</strong></span> <span class='ocrx_word' id='word_1_220' title='bbox 1204 4088 1237 4101; x_wconf 92' lang='lat'><strong>·-</strong></span> <span class='ocrx_word' id='word_1_221' title='bbox 1248 4059 1309 4112; x_wconf 66' lang='lat' dir='ltr'><strong>dib.</strong></span> 
     </span>
    </p>
   </div>
   <div class='ocr_carea' id='block_1_8' title="bbox 0 0 1842 4636">
    <p class='ocr_par' dir='ltr' id='par_1_8' title="bbox 0 0 1842 4636">
     <span class='ocr_line' id='line_1_28' title="bbox 0 0 1842 4636; baseline 0 3"><span class='ocrx_word' id='word_1_222' title='bbox 0 0 1842 4636; x_wconf 95' lang='lat' dir='ltr'><strong> </strong></span> 
     </span>
    </p>
   </div>
  </div>
 </body>
</html>
