3674 4636
793 413 1074 503 ...43-

198 627 325 729 ipsius
346 625 490 726 Oedipi
511 649 587 726 ope
608 625 658 702 de
677 623 757 702 illis
778 637 998 724 reportatae
1020 623 1217 702 memoria
1236 623 1375 713 exstat,
1401 642 1481 722 qua
1502 621 1535 696 si
1556 624 1678 698 nrmc

195 772 439 872 Sophoclem
461 773 511 850 ad
528 772 774 850 ceremonias
792 772 881 872 pagi
904 773 967 850 sui
983 772 1272 852 resuscitandas
1292 768 1526 872 populoque
1542 767 1677 848 Attico

198 921 540 998 commendandas
573 921 634 997 uti
666 922 939 1021 suspicamur,
971 921 1083 998 haud
1112 919 1254 1019 procul
1288 940 1310 996 a
1335 916 1392 992 rei
1418 915 1577 994 veritate
1601 915 1673 992 ab·

178 1094 329 1151 *errare
354 1073 472 1148 nobis
498 1073 694 1150 videmur.
754 1078 840 1152 Hoc
869 1074 980 1152 enim
1006 1069 1246 1171 primarium
1271 1065 1427 1148 fabulae
1452 1064 1674 1144 consilium

198 1243 284 1298 esse
310 1221 403 1300 satis
428 1221 513 1322 ipse
538 1221 602 1298 his
628 1223 756 1299 verbis
782 1220 992 1300 declaravit
1016 1225 1067 1315 (v.
1091 1224 1225 1314 tamna

446 1369 537 1446 etot
560 1368 636 1470 γὰρ
662 1360 706 1449 εὖ
731 1373 820 1468 μὲν,
847 1371 925 1461 ὀψὲ
950 1369 981 1449 δ’
1006 1367 1174 1470 εἰσορῶθ
1200 1367 1297 1446 ὅταν

445 1517 496 1593 τὰ
520 1517 593 1597 θεῖ’
622 1517 739 1621 ἀφεὶς
763 1547 824 1607 τις
850 1525 905 1609 εἰς
930 1519 976 1597 τὸ
1000 1521 1210 1614 μαίνεσθαι
1234 1518 1384 1618 τραπῇ,

445 1663 543 1767 ὁμὴ
571 1667 634 1778 σὺ,
661 1672 802 1746 τέκνον
826 1673 996 1770 Αἰγέως,
1022 1665 1170 1754 βούλου
1198 1673 1367 1743 nadair:

201 1837 300 1914 neve
332 1826 481 1892 temere
511 1816 631 1891 illum
661 1839 870 1892 sacrorum
896 1816 1187 1920 Colonensium
1212 1814 1428 1894 efficaciam
1454 1813 1676 1892 venditasse

202 1965 460 2054 arbitremur,
495 1963 622 2064 ipsius
653 1965 727 2040 viri
756 1969 926 2066 'gravitas
957 1981 1078 2058 vetat,
1112 1991 1235 2068 quem
1267 1966 1504 2066 neutiquam
1539 1965 1676 2041 deceat

202 2114 288 2212 pari
308 2138 403 2189 cum
421 2111 714 2212 χρησμολόγοις
734 2116 824 2194 loco
845 2115 1004 2205 haberi,
1030 2138 1207 2214 quorum
1223 2115 1436 2192 vanitatem
1454 2111 1560 2212 plebi
1576 2111 1674 2187 Atti·

205 2279 272 2335 cae
303 2257 413 2356 haud
445 2283 537 2346 raro
564 2258 695 2338 fraudi
721 2261 846 2341 fuisse
870 2264 1077 2357 novimus3
1108 2278 1356 2366 praesentem
1381 2263 1565 2340 numinis
1591 2261 1674 2338 vim

206 2411 430 2488 ostenderet
446 2435 607 2494 necesse
624 2427 724 2505 erat,
744 2415 814 2516 qui
835 2429 986 2494 tantam
1005 2415 1090 2514 ejus
1106 2416 1351 2515 majestatem
1366 2415 1543 2514 jactaret3
1566 2414 1696 2490 idem.

206 2580 303 2636 vero
324 2560 357 2633 si
380 2560 478 2660 quid
501 2562 584 2660 spei
607 2561 651 2638 in
672 2576 880 2663 posterum
900 2565 1110 2668 significat,
1138 2569 1181 2645 in
1202 2570 1349 2646 civium
1374 2567 1510 2668 potius
1532 2566 1677 2640 virtute

208 2726 440 2807 causaeque·
458 2708 634 2788 bonitate
663 2714 796 2811 ponit,
832 2727 880 2788 ut
909 2715 954 2789 in
984 2715 1124 2816 proelii
1158 2717 1421 2816 descriptione
1446 2712 1677 2814 splendidis·

209 2831 310 2929 sima
326 2851 399 2948 ³⁰),
425 2879 505 2956 qua
529 2831 642 2934 haud
662 2861 821 2936 scimus·
839 2884 891 2938 an
917 2866 1045 2944 vivam
1069 2889 1208 2944 rerum
1233 2880 1433 2968 gestarum
1460 2866 1685 2965 imaginem

210 3006 458 3102 erpresserit,
490 3010 724 3107 praesertim
757 3026 919 3114 propter
950 3015 1134 3115 equitum
1165 3014 1320 3129 laudes,
1352 3038 1450 3116 quas
1484 3016 1603 3096 etiam
1634 3015 1680 3090 iu

209 3153 360 3254 parodo
376 3155 587 3255 insigniter
602 3159 741 3235 extulit
755 3159 828 3256 31),
855 3185 1112 3266 quorumque
1134 3185 1297 3266 operam
1315 3187 1387 3266 per
1406 3163 1510 3242 illud
1526 3162 1681 3240 bellum·

210 3304 566 3410 praeclarissimam
599 3309 643 3384 in
674 3310 850 3388 tutandis
875 3311 1024 3392 Atticae
1049 3312 1199 3392 finibus
1227 3305 1417 3392 ex‘stitisse
1443 3327 1597 3392 constat
1615 3311 1680 3404 δῇ).

214 3452 325 3540 Quae
350 3467 485 3529 tamen
512 3455 648 3534 omnia
673 3480 749 3534 nos
775 3461 825 3538 ad
851 3475 1005 3539 certum
1030 3462 1124 3540 belli
1145 3487 1301 3541 annum
1321 3487 1406 3538 non
1430 3465 1683 3552 conducunt,

213 3613 331 3700 atque
351 3603 470 3683 etiam
491 3607 524 3681 si
544 3609 759 3703 sciremus,
784 3614 948 3715 quando
967 3613 1073 3712 apud
1095 3610 1299 3690 Colonum
1315 3625 1540 3714 pugnatum
1562 3623 1684 3701 esset,

280 3879 331 3948 50)
347 3881 413 3936 Oet.
432 3883 486 3937 Col.
503 3902 526 3938 v.
540 3887 614 3942 tots
625 3905 680 3959 sqq.
697 3892 823 3962 inprimis
840 3909 863 3949 r,
877 3893 966 3948 108οι
989 3893 1089 3961 μάνης
1106 3893 1158 3959 εἰμ’
1177 3888 1290 3950 ἐσθλῶν
1305 3890 1429 3962 ἀγώνων.

281 3972 331 4042 at)
349 3974 413 4028 llrid.
430 3993 453 4028 r.
465 3978 518 4048 7Ιῆ
529 3996 584 4058 sqq.

282 4069 328 4139 52)
347 4073 385 4126 (tc
405 4075 472 4146 disp.
490 4079 523 4131 de
540 4079 666 4148 equtitro
682 4082 776 4137 Atticis
793 4101 819 4153 p.
830 4083 876 4138 tt.
