3684 4624
702 349 1083 498 pu...

202 657 334 712 sarem
369 651 591 730 eorumque
627 623 956 725 conjunctionem
994 649 1089 700 cum
1125 623 1212 726 ipso
1249 625 1403 704 fabulae
1440 645 1687 729 argumento

205 787 542 870 demonstrarem;
579 802 622 855 ac
655 778 748 853 licet
778 775 958 875 alioquin
987 777 1091 855 hanc
1123 802 1286 878 operam
1316 781 1366 856 ad
1392 779 1495 856 illud
1520 794 1686 880 tempus

203 931 409 1020 remittere
429 927 668 1027 potuissem,
696 949 827 1024 quum
850 923 985 1000 denuo
1002 897 1316 1006 mescholarum
1334 955 1519 1007 mearum
1538 957 1682 1010 cursus

204 1082 254 1159 ad
287 1078 448 1155 easdem
480 1073 697 1173 tragoedias
718 1070 1044 1169 interpretandas
1071 1077 1287 1162 retulisset,
1320 1051 1468 1156 tamen¹
1482 1071 1683 1180 quidquid

204 1254 318 1305 nunc
350 1207 514 1328 quidem
543 1225 588 1297 iu
613 1234 779 1323 promtu
803 1222 1011 1313 haberem,
1044 1227 1328 1326 Angustissimi
1355 1228 1546 1305 Electoris
1575 1244 1679 1308 nata-

205 1380 300 1456 litiis
323 1397 399 1455 suo
421 1375 596 1476 quodam
621 1372 709 1471 jure
732 1373 866 1449 deberi
894 1371 1112 1451 videbatur.
1151 1379 1202 1451 Et
1225 1373 1488 1454 fundamenta
1513 1377 1682 1476 quidem

204 1533 327 1634 hujus
352 1526 632 1631 disputationis
654 1523 736 1623 jam
762 1525 809 1600 ab
833 1522 919 1600 aliis
942 1522 1035 1597 viris
1060 1522 1341 1599 eruditissimis
1364 1524 1417 1601 ita
1444 1523 1538 1622 jacta
1560 1542 1683 1618 sunt,

204 1697 251 1760 ut
276 1701 567 1780 saepenumero
593 1674 760 1751 lectores
786 1686 945 1750 nostros
980 1635 1197 1751 ad'eorum
1226 1675 1357 1776 copias
1383 1676 1558 1778 ablegare
1583 1703 1680 1778 pos-

205 1836 333 1912 simus
359 1832 410 1927 Ι);
451 1828 647 1929 quoniam
676 1836 812 1900 tamen
846 1836 885 1898 et
918 1823 1068 1898 horum
1096 1822 1281 1923 ipsorum
1316 1822 1463 1920 judicia
1492 1822 1540 1902 ab
1572 1825 1681 1918 aliis,

205 2007 382 2085 quorum
410 1997 451 2059 et
477 1981 563 2080 ipsa
592 1979 804 2054 auctoritas
834 2000 996 2055 summa
1023 2000 1106 2054 csse
1134 1977 1265 2068 debet,
1299 1978 1490 2055 acerrime
1518 1980 1681 2083 impug-

107 2181 112 2190 -
204 2145 296 2207 nata
322 2143 419 2204 sunt
441 2131 495 2224 2),
532 2142 571 2204 et
595 2128 721 2228 magis
748 2126 798 2204 ad
823 2124 1067 2222 Aeschylum
1094 2145 1216 2223 quam
1242 2125 1291 2200 ad
1319 2125 1559 2225 Sophoclem
1586 2129 1680 2205 illu-

205 2283 416 2360 strandrun
443 2304 563 2380 opera
583 2304 727 2356 eorum
749 2277 938 2379 pertinet,
965 2273 1075 2348 haud
1094 2273 1163 2349 abs
1184 2298 1228 2350 re
1249 2271 1334 2350 sore
1351 2275 1464 2367 duxi,
1495 2278 1530 2352 si
1553 2293 1680 2356 totam

205 2429 483 2530 quaestionem
507 2427 555 2504 ab
585 2428 741 2528 integro
770 2425 940 2514 ordirer,
969 2412 1229 2523 stabilitisque
1257 2449 1359 2526 quae
1385 2441 1455 2503 aut
1478 2429 1677 2505 veteribus

203 2575 575 2654 testimoniis-certa
603 2585 674 2654 aut
696 2570 891 2673 probabili
919 2569 1146 2669 conjectura
1171 2571 1421 2652 verisimilia
1448 2591 1592 2668 essent,
1625 2581 1678 2656 ad

204 2728 349 2828 Oedipi
382 2727 519 2804 omnia
546 2723 723 2802 fabulam
755 2719 980 2799 conferrem
1009 2720 1126 2819 eique
1156 2734 1357 2819 quantum
1384 2748 1457 2824 per
1483 2731 1677 2827 temporis

202 2876 401 2974 angustias
424 2876 560 2954 liceret
585 2865 687 2950 lucis
713 2871 921 2951 offundere
945 2897 1121 2950 conarer.
1175 2874 1311 2951 Primo
1334 2892 1468 2954 autem
1487 2881 1677 2982 adspectu

203 3048 286 3100 una
302 3037 459 3100 tantum
479 3049 501 3100 e
519 3022 678 3114 multis,
704 3047 805 3123 quae
824 3023 967 3100 Coloni
988 3026 1123 3101 sedem
1143 3026 1351 3119 haberent,
1378 3031 1521 3131 Oedipi
1539 3036 1677 3112 Furia·

203 3201 379 3277 rumque
411 3179 491 3254 sive
517 3177 793 3254 Eumenidum
826 3176 965 3276 religio
999 3170 1121 3250 fuisse
1154 3173 1326 3267 videtur,
1363 3145 1511 3278 quippe
1537 3182 1607 3255 ubi
1639 3147 1677 3258 et

203 3327 381 3428 Neptuni
412 3340 450 3402 et
474 3327 676 3406 Minervae
707 3327 967 3427 Equestrium
1000 3347 1084 3402 aras
1117 3337 1156 3400 et
1189 3324 1332 3400 Thesei
1359 3325 1607 3426 Pirithoique
1638 3345 1678 3404 et

230 3670 232 3680 ,
273 3617 301 3684 l)
326 3617 365 3670 Cf.
389 3619 515 3688 imprimis
533 3617 701 3673 Welelserm
724 3620 752 3669 in
774 3617 864 3671 desub.
889 3617 987 3685 Trilog.
1011 3628 1037 3679 p.
1054 3609 1108 3667 588
1125 3581 1180 3678 eqo·
1205 3617 1231 3666 rt
1252 3609 1388 3663 Mulierum
1411 3614 1445 3663 ed
1462 3613 1553 3668 Aeeeb.
1571 3617 1677 3671 Eumen-

203 3727 229 3778 p.
249 3709 350 3761 1⁷0-
365 3710 432 3773 ¹75,
449 3716 631 3780 praetereaque
648 3711 816 3765 Voelcleermn
834 3715 861 3764 ia
878 3711 947 3764 libro
965 3707 1089 3760 ecuminie
1105 3706 1195 3774 pleno:
1226 3707 1268 3758 die
1284 3705 1442 3789 Mptlmlogie
1460 3710 1507 3760 eles
1518 3710 1678 3777 lapetisehen

205 3801 370 3856 (leeobleclrtr
388 3801 490 3872 (Gieeee
504 3803 582 3856 Μ.
600 3803 628 3871 8)
647 3821 674 3872 p.
686 3804 741 3858 163
753 3821 809 3874 sqq.

271 3913 300 3981 2)
326 3912 449 3965 omniun
466 3912 574 3962 maxime
598 3929 614 3962 ι
633 3909 741 3964 Godofr.
759 3911 905 3964 Hermanno
924 3911 950 3960 in
969 3910 1077 3964 Wiener
1094 3907 1202 3959 Jelrrbb.
1221 3910 1251 3962 Τ.
1265 3911 1343 3972 LXV,
1369 3925 1395 3978 p.
1406 3911 1460 3964 14⁷
1472 3929 1528 3980 sqq.
1553 3914 1678 3982 (Opsecr.

204 4009 234 4060 Τ.
247 4009 298 4070 vt,
318 4009 346 4059 Ρ.
361 4009 393 4069 2,
410 4024 436 4075 p.
450 4005 506 4059 {99
516 4006 585 4074 sqq.)
603 4013 629 4058 et
640 4009 787 4076 nuperrime
799 4026 814 4057 a
827 4007 891 4057 tue.
904 4005 1018 4058 l‘rellero
1036 4005 1062 4054 in
1079 4003 1146 4056 libro
1164 4019 1238 4070 quem
1256 4004 1400 4073 inscripsit:
1422 4005 1540 4057 Demeter
1551 4009 1604 4058 end
1616 4007 1677 4059 Per-

86 4099 90 4104 ’
204 4100 328 4169 replere,
345 4102 386 4152 eie
404 4099 502 4170 (lybiae
519 4097 736 4170 mythologiscen
753 4097 981 4172 batemaringin
1000 4099 1186 4170 (lethaliter.
1203 4099 1245 4162 Β),
1265 4117 1290 4168 p.
1304 4097 1357 4152 lssl
1372 4115 1427 4168 sqq.
