3674 4636
787 411 846 493 ,⁸¹⁷
905 361 1050 446 4*-

187 594 262 650 nec
283 570 333 650 de
354 570 488 662 variis,
514 589 613 674 quas
633 569 839 650 rariorum
858 583 1070 650 auctorum
1086 574 1132 652 in
1148 575 1338 656 manibus
1355 575 1510 672 induit,
1535 578 1664 660 histo·

187 722 269 800 riae
300 721 553 823 Oedipodcae
589 717 732 800 formis
765 719 1190 826 vicissitudinibusque
1223 739 1315 826 post
1349 727 1665 829 Schiitzium1),

188 869 388 950 Sterkium
405 871 459 970 2),
482 869 750 950 Wunderum
767 869 820 968 ³),
846 871 1048 973 disputare
1071 874 1117 950 iu
1138 876 1378 956 universum
1402 880 1566 960 animus
1588 898 1665 976 est;

187 1042 291 1123 quae
314 1044 410 1099 vero
435 1021 486 1099 ad
510 1021 648 1122 ipsum
672 1021 895 1122 tragoediae
920 1019 1135 1100 artificium
1162 1021 1474 1124 intelligendum
1502 1029 1552 1104 ab
1579 1052 1665 1108 om·

187 1171 313 1270 nique
340 1182 451 1270 parte
478 1169 641 1269 penitus
671 1169 934 1270 aperiendum
968 1185 1087 1272 atque
1113 1172 1435 1273 dignoscendum
1458 1191 1550 1277 post
1573 1179 1666 1256 doc·

189 1320 441 1399 tissimorum
456 1321 638 1399 virorum
656 1320 868 1400 conamina
885 1321 922 1416 ⁴)
939 1321 1106 1399 dicenda
1124 1329 1291 1417 restant,
1313 1327 1461 1404 melius
1476 1329 1667 1430 amplius·

194 1489 275 1570 qne
297 1467 395 1569 ipsis
417 1468 463 1545 in
488 1468 637 1548 scholis
655 1493 790 1550 coram
809 1469 1142 1566 declarabuntur,
1167 1496 1290 1575 quam
1307 1501 1380 1575 per
1393 1477 1542 1554 harum
1559 1481 1668 1580 pagi·

189 1637 337 1694 narrun
354 1619 555 1718 angustias
574 1617 679 1697 licet.
717 1625 862 1698 Unum
883 1620 1006 1721 igitur
1025 1620 1249 1722 selegimus
1265 1623 1421 1716 locum,
1447 1625 1517 1726 qui
1537 1639 1668 1726 qnn'm

189 1763 344 1844 nullius
361 1763 551 1842 historiae
572 1764 825 1865 Oedipodeac
847 1768 1085 1844 enarratoris
1108 1767 1515 1867 singularemcuram
1536 1794 1669 1872 exper-

191 1928 258 1992 tus
284 1914 352 2006 sit,
381 1925 517 1991 tamen
548 1913 738 1990 omnium
762 1916 941 1992 maxime
967 1917 1018 1994 ad
1042 1916 1341 2017 percipiendam
1366 1917 1579 2018 Sophoclei
1605 1919 1669 1994 in-

193 2063 301 2162 genii
330 2061 612 2162 praestantiam
641 2060 751 2140 facit:
790 2065 991 2144 nimirrun
1016 2081 1065 2144 ut
1089 2091 1178 2146 eam
1203 2066 1380 2146 sormam
1405 2082 1526 2170 atque
1550 2069 1668 2148 ratio·

193 2235 311 2304 ncm,
343 2233 422 2314 qua
448 2213 527 2290 hoc
552 2212 661 2291 idem
685 2221 971 2314 argumentum
1000 2217 1050 2294 ab
1078 2214 1232 2317 aequali
1257 2215 1467 2317 Sophoclis
1493 2218 1670 2318 artisque

199 2362 378 2455 aemulo,
403 2362 610 2463 Euripide,
633 2363 678 2439 in
695 2365 935 2463 cognomine
951 2360 1086 2441 sabula
1104 2364 1203 2441 olim
1220 2377 1433 2444 tractatum
1450 2367 1518 2460 sit,
1543 2388 1670 2468 quam

195 2528 286 2592 tum
311 2538 357 2591 ex
381 2511 491 2588 illius
506 2511 698 2614 reliquiis
722 2511 810 2590 fieri
831 2512 974 2614 possit,
999 2511 1121 2622 paulo
1144 2513 1366 2592 accuratius
1390 2515 1670 2617 examinemus

266 2820 295 2890 1)
311 2821 343 2872 In
359 2835 456 2872 excors.
471 2819 492 2870 1.
510 2820 545 2870 ed
562 2817 683 2888 Aeschyli
700 2819 771 2888 Sept.
789 2835 811 2872 c.
829 2819 909 2872 Their.
926 2835 954 2888 p.
966 2816 1132 2870 571-578.

265 2913 295 2977 1)
311 2914 380 2963 [tiss.
398 2915 431 2963 de
447 2910 652 2964 Lelsdscidsrum
668 2910 777 2963 historie
792 2928 808 2962 a
826 2913 931 2984 tragicis
948 2911 975 2961 iu
994 2926 1069 2962 sceno
1085 2911 1235 2978 proposita,
1258 2909 1340 2984 Lugd.
1359 2911 1416 2964 Bet.
1432 2907 1511 2964 1829.

266 3003 297 3074 5)
313 3003 380 3056 Ante
398 3004 535 3055 editionem
552 3003 648 3072 Oedipi
665 3002 776 3071 (Gotlrse
788 3003 869 3074 1852)
886 3023 912 3074 p.
925 3004 959 3056 11
970 3031 1003 3046 -·
1016 3002 1061 3056 14.

266 3095 298 3164 t)
315 3095 538 3146 Prsestsntissins
561 3099 601 3146 est
623 3099 650 3145 et
671 3100 760 3146 nostru
784 3113 885 3164 quoque
908 3106 992 3152 aetate
1016 3099 1186 3171 dignissime,
1211 3116 1276 3168 quse
1299 3099 1416 3171 legatur,
1440 3099 1517 3151 lienr.
1541 3095 1675 3152 Blirntteri

200 3191 266 3260 disp.
283 3192 316 3242 de
332 3189 467 3257 Sophoclis
484 3189 586 3256 Oedipo
603 3188 688 3259 Rege,
713 3187 782 3258 Lips.
797 3175 874 3242 1788.
892 3190 927 3255 1,
951 3191 997 3243 nlri
1013 3209 1057 3244 eos
1075 3209 1174 3260 qnoque
1192 3191 1311 3244 lsudstos
1328 3193 1475 3253 invenietis,
1494 3191 1539 3258 qni
1555 3195 1629 3240 antee
1646 3191 1674 3241 iu

200 3284 288 3335 Mem
306 3285 456 3352 argumento
474 3278 642 3330 elaborarunt.
668 3279 763 3331 Nostra
778 3283 901 3356 memorie
917 3289 1080 3336 secesserunt
1096 3285 1127 3334 A.
1140 3283 1171 3334 G.
1182 3283 1341 3367 Schleqelius
1359 3285 1468 3350 (Vorles.
1485 3281 1550 3332 iiber
1565 3281 1674 3331 mmet.

200 3373 250 3426 Lis.
268 3373 299 3424 Τ.
311 3375 338 3434 1,
360 3390 387 3441 p.
405 3370 459 3423 176
474 3399 508 3414 -
523 3371 601 3442 iffi),
630 3374 663 3425 A.
679 3371 708 3422 L
728 3373 758 3424 G.
782 3374 895 3427 Jscobus
918 3377 1048 3446 (Quaerit.
1067 3378 1186 3446 Sophocl.
1210 3379 1316 3431 Vertar.
1336 3376 1422 3440 1821,
1445 3393 1471 3445 p.
1488 3374 1590 3427 516-
1601 3373 1675 3436 550,

203 3468 236 3519 G.-
246 3467 408 3522 Tlrndiclsurn
427 3468 464 3535 (in
479 3486 568 3540 progr.
586 3463 745 3540 Boding'ensi
758 3467 828 3520 1825
844 3478 870 3522 et
887 3472 914 3522 in
930 3488 995 3524 vers.
1014 3473 1161 3542 germanice
1177 3471 1289 3522 Dsrmst.
1300 3467 1396 3535 182⁷),
1413 3469 1446 3519 Η.
1458 3468 1488 3520 F.
1499 3468 1547 3522 W.
1557 3464 1677 3518 Hiuriclr·

202 3562 255 3612 sios
279 3561 337 3630 (dus
353 3563 453 3617 Wesen
475 3565 522 3614 der
545 3563 649 3616 sntiken
667 3562 797 3634 Trsqtdie
819 3565 847 3614 iu
870 3565 1039 3618 tsthctisclren
1057 3565 1232 3636 Vorlesnugen
1249 3563 1435 3634 durelsgelirlrrt
1457 3579 1491 3614 un
1513 3563 1564 3614 den
1585 3561 1676 3612 beiden

202 3659 319 3726 Oedipus
336 3660 382 3710 des
400 3657 538 3726 Sophocles
555 3665 603 3710 etc.
629 3659 703 3709 nans
720 3658 817 3727 1817),
844 3659 874 3712 G.
892 3661 917 3711 J.
935 3661 1101 3713 liollmrnnus
1126 3661 1184 3729 (dus
1201 3660 1485 3728 Niclrtrorlraudeusepu
1508 3659 1555 3710 der
1572 3655 1676 3709 Sclrick-

203 3751 311 3804 sslsidee
328 3754 355 3804 in
373 3754 419 3804 der
435 3751 504 3804 elten
514 3751 613 3814 idmst,
631 3753 825 3824 nacquewieten
840 3771 882 3806 suu
898 3753 984 3828 lidnig
995 3757 1112 3823 Oedipus
1131 3757 1177 3807 des
1189 3753 1346 3822 Sopholsles,
1362 3752 1451 3805 Berlin
1463 3751 1549 3813 1852,
1567 3765 1677 3818 queem

203 3845 312 3898 conteni
328 3850 414 3913 potest
428 3851 455 3896 et
471 3845 503 3896 Ε.
519 3845 545 3896 J.
564 3842 595 3895 G.
612 3843 748 3898 Schmidtii
764 3847 826 3897 diss.
843 3847 993 3900 deuotione
1010 3849 1058 3900 teti
1073 3846 1252 3924 inASoplroclis
1268 3847 1410 3918 tragoediis
1426 3850 1452 3897 et
1464 3843 1616 3914 fragmentis
1634 3859 1677 3893 ex-

203 3955 308 4008 presss,
331 3940 401 4010 Lips.
414 3938 506 4010 1821).
538 3939 605 3990 Add.
623 3939 686 3990 diss.
703 3939 773 4011 angl.
792 3941 819 4012 in
836 3939 925 3994 Museo
941 3942 1036 3995 Philol.
1055 3939 1203 4014 Cantabrig.
1221 3941 1252 3992 T.
1263 3940 1302 3994 ll:
1330 3957 1364 3992 oss
1380 3937 1423 3992 tlte
1440 3938 1516 4005 irony
1534 3934 1568 4006 of
1578 3931 1678 4006 Sopho·

204 4037 271 4100 cles,
288 4053 315 4107 p.
327 4035 387 4091 tat
397 4053 467 4106 seqq.
