3684 4624
782 333 1062 416 ..78-

182 537 304 618 relata
323 541 421 632 sint,
448 565 550 642 quae
575 543 751 644 aliquam
775 567 871 618 cum
889 547 997 621 Orco
1021 548 1359 626 communionem
1380 549 1576 629 haberent
1591 551 1667 650 57),

182 695 360 794 proprias
391 687 431 770 et
457 695 677 795 peculiares
710 695 796 793 ejus
827 678 916 794 pagi
948 694 1160 794 religiones
1192 694 1360 774 internis
1393 698 1666 778 annumerare

182 863 267 921 non
286 843 572 920 dubitabimus.
608 843 821 920 Difficilior
841 844 1020 944 quaestio
1044 857 1103 919 est
1124 845 1173 920 de
1190 851 1379 944 Neptuno
1400 859 1441 920 et
1462 848 1663 938 Minerva,

184 994 254 1092 qui
278 1017 408 1090 quum
429 993 523 1068 alias
543 994 649 1068 inter
670 1018 711 1068 se
737 992 989 1082 contendisse
1013 991 1061 1066 de
1081 1003 1207 1066 terrae
1222 992 1371 1070 Atticae
1388 991 1510 1068 tutele
1527 991 1669 1080 disan2

183 1156 270 1232 tur,
301 1141 366 1218 hic
383 1143 640 1241 Equestrium
664 1143 832 1218 nomine
858 1140 1076 1219 arctissime
1098 1138 1327 1240 junguntur
1344 1141 1414 1240 ³⁸),
1440 1167 1574 1244 neque
1593 1159 1664 1222 eut

254 1359 308 1427 57)
325 1362 363 1412 Gt.
381 1361 465 1414 Sebel.
483 1365 576 1432 Oedip.
595 1365 683 1416 Colon.
701 1382 724 1416 ν.
740 1363 824 1416 rbem
848 1363 947 1419 κοίλου
964 1364 1052 1424 πέλας
1069 1359 1223 1432 κρατῆρος,
1243 1362 1294 1416 τοῦ
1313 1362 1427 1430 μυχοῦ·
1454 1365 1488 1416 τοὶ
1506 1365 1560 1434 reip
1578 1368 1666 1421 κοῖλα

185 1448 258 1507 οὕτω
276 1450 395 1509 ίκοίλουν
412 1451 442 1506 ἐκ
458 1453 639 1526 μεταφοράς,
660 1450 730 1510 ὅθεν
745 1457 794 1507 καί
812 1455 845 1507 τοὶ
865 1454 894 1511 ἐν
910 1474 942 1525 τῆ
957 1453 1042 1524 Λίτνῆ
1057 1455 1220 1520 κοιλώματα
1236 1453 1370 1523 κρατῆρες
1383 1453 1540 1510 καλουνται.
1571 1461 1668 1528 Λέγει

185 1545 216 1599 et
241 1530 275 1600 οὗ
300 1544 462 1616 καταβῆναί
484 1560 555 1618 φασι
580 1551 629 1619 τῆν
651 1551 748 1619 Ηόρῆν
772 1547 960 1619 ἁρπαγεῖσαν·
989 1548 1128 1618 Πειρίθου
1153 1565 1182 1600 τε
1206 1551 1273 1618 φησὶ
1295 1557 1383 1602 κοῖται
1409 1549 1571 1620 συνθήματα
1595 1551 1665 1607 οἶον

186 1633 371 1710 ὕπομνῆμαια
395 1638 443 1709 τῆς
467 1641 583 1704 πίστεως
606 1629 641 1711 ῆς
664 1644 762 1696 ἔθεντο
785 1641 857 1710 πρός
882 1639 1024 1711 α’λλῆλους
1049 1641 1099 1710 τῆς
1121 1640 1162 1703 είς
1181 1636 1253 1712 ᾇσου
1269 1641 1470 1710 καταβασιωςι
1501 1643 1564 1694 unde
1582 1643 1665 1694 simut

185 1732 262 1782 etism
279 1733 447 1804 intelligitur,
472 1737 598 1802 quomodo
615 1735 709 1786 Thesei
726 1735 884 1803 Pirithoique
899 1736 1009 1798 heroon,
1033 1739 1102 1805 quod
1120 1736 1260 1787 Pausanias
1277 1737 1370 1788 Coloni
1385 1738 1451 1788 vidit
1475 1736 1537 1804 (eid.
1554 1744 1606 1788 not.
1618 1736 1665 1804 ὅ),

186 1824 307 1874 constitui
329 1828 456 1890 potuerit;
481 1830 550 1893 quod
574 1829 640 1878 enim
663 1828 730 1878 idem
754 1829 781 1878 in
805 1830 861 1896 ipsa
883 1828 945 1882 urhe
969 1829 1077 1880 similem
1100 1829 1185 1880 lorum
1209 1830 1278 1880 cerni
1301 1830 1381 1878 tradit
1407 1828 1437 1894 (l.
1457 1827 1562 1896 185),
1588 1825 1665 1882 ἔνθα

187 1917 344 1987 Πειρίθουν
365 1921 413 1974 καί
442 1922 536 1990 Θῆσία
561 1924 749 1989 συνθεμένους
774 1921 803 1984 ἐς
828 1919 1033 1987 Λακεδαίμονα
1056 1921 1104 1973 καλ
1128 1917 1240 1988 ὕστερον
1261 1917 1291 1980 ίς
1319 1918 1503 1986 Θεσπρώτους
1528 1917 1666 1988 σταλῆναι

186 2010 315 2076 λέγουσι,
341 2015 428 2062 eodem
451 2017 526 2066 modo
544 2015 740 2066 existimandum
758 2021 811 2076 est,
839 2034 888 2083 quo
908 2017 1025 2083 superius
1044 2015 1107 2083 (rid.
1125 2020 1177 2065 not.
1198 2013 1242 2078 tt)
1261 2015 1293 2063 de
1311 2013 1402 2063 Cerere
1420 2009 1529 2086 ου’χλόῳ
1548 2014 1665 2080 disputa·

187 2096 284 2160 vimus,
306 2105 336 2149 ut
359 2105 447 2152 eudem
472 2121 544 2156 saera
567 2105 665 2158 duobus
688 2108 751 2158 loeis
775 2110 902 2160 exstitisse
924 2112 1128 2170 meminerimus,
1151 2117 1233 2175 ireque
1258 2110 1397 2175 quidquam
1419 2109 1479 2158 inde
1502 2109 1529 2158 iu
1546 2115 1665 2159 hostrmn

186 2211 260 2246 usrnn
285 2199 397 2247 converti
419 2204 517 2265 potest,
542 2203 591 2251 nisi
614 2205 682 2268 qued
698 2204 807 2254 tortasse
825 2203 921 2256 Colono
940 2221 1039 2273 quoque
1057 2202 1166 2254 similem
1183 2219 1286 2270 sperum
1304 2199 1415 2252 tribuere
1432 2199 1532 2262 tteebtt,
1561 2202 1667 2268 qualem

187 2283 242 2338 illie
258 2287 399 2338 Pausaniae
416 2298 503 2341 ramat
519 2293 542 2359 ξ.
559 2294 590 2344 ⁷:
618 2290 744 2348 ἐνταῦθα
769 2289 837 2347 ὅσον
860 2291 889 2356 ίς
906 2292 1000 2364 πῆχυν
1016 2292 1048 2347 τό
1067 2292 1175 2360 ἔδαφος
1192 2291 1313 2360 διέστηκε
1329 2292 1378 2344 καί
1396 2292 1504 2359 λέγουσι
1519 2291 1591 2356 μιτοί
1609 2291 1664 2358 τῆν

188 2376 348 2450 ἐπομβρίαν
370 2383 417 2452 τῆν
432 2383 478 2438 ίπὶ
496 2387 691 2449 Δευκαλάονος
715 2387 867 2457 συμβᾶσαν
884 2385 1056 2458 ὑπορρυῆναι
1072 2386 1154 2455 ταύτῃ
1172 2385 1203 2439 τί
1223 2380 1311 2455 ὖσωρι
1335 2393 1457 2439 craterem
1474 2391 1554 2446 eade,
1580 2403 1662 2453 quem

189 2475 328 2543 Sophocles
344 2479 421 2540 dieit,
438 2496 489 2530 nou
508 2486 547 2531 est
563 2497 609 2531 eur
628 2481 795 2533 Scholiastam
813 2484 894 2534 secuti
910 2487 944 2535 ed
962 2485 1045 2552 ipsam
1060 2482 1111 2534 loei
1128 2486 1246 2531 naturam
1262 2482 1357 2532 reterre
1374 2480 1536 2540 dubitemus,
1554 2485 1581 2532 et
1595 2479 1661 2532 Prs-

189 2573 304 2640 serpinae
323 2589 421 2641 quoque
439 2581 528 2642 raptus
545 2575 605 2627 lieet
623 2595 654 2628 ex
671 2577 808 2629 Eleusiniis
826 2579 928 2630 demum
943 2578 1038 2630 tubulis
1057 2575 1196 2627 translatus
1213 2579 1298 2626 mmess
1314 2575 1427 2641 aliquam
1444 2573 1481 2624 ihi
1498 2591 1555 2626 eum
1572 2573 1661 2625 Pluto-

187 2667 236 2716 niis
252 2668 443 2720 similitudinem
460 2671 541 2722 risam
558 2687 613 2722 esse
630 2673 727 2722 suadet.

256 2777 303 2838 58)
332 2779 371 2832 ct.
400 2779 534 2848 Sophoclis
561 2780 627 2831 Oed.
655 2779 711 2832 cot.
734 2799 758 2833 ν.
777 2782 853 2834 10⁷0
879 2786 1059 2848 praetereaque
1083 2778 1191 2830 Pansae.
1210 2778 1241 2831 V.
1266 2771 1348 2828 titt
1377 2779 1403 2824 et
1426 2772 1579 2824 Volrlserum
1601 2772 1620 2822 l.
1637 2789 1661 2824 e.

189 2887 215 2938 p.
229 2869 297 2931 tm
320 2887 366 2922 nee
388 2874 496 2922 multum
519 2871 606 2932 abest,
631 2875 692 2939 quin
717 2876 794 2925 etiam
816 2873 890 2925 illum
907 2875 1048 2924 Pausaniae
1071 2875 1170 2934 lorum,
1194 2890 1244 2940 quo
1262 2872 1318 2940 jam
1343 2869 1459 2936 superius
1479 2873 1529 2918 not.
1542 2867 1578 2917 51
1598 2883 1662 2917 usus

191 2979 247 3013 sum
265 2962 342 3028 (Vlll.
362 2963 452 3029 lbi)
475 2965 524 3016 huo
542 2982 640 3032 quoque
657 2966 799 3026 retraham,
824 2967 868 3016 ubi
884 2967 945 3018 lieet
963 2967 1079 3018 Tritonia
1096 2965 1183 3033 potius
1199 2963 1313 3016 Minerva
1331 2977 1389 3013 eum
1405 2959 1524 3026 Neptuno
1540 2959 1663 3025 liquestsi

186 3055 276 3123 juncta
290 3055 336 3117 sit,
354 3058 381 3106 id
399 3059 482 3124 ipsum
500 3062 584 3108 tamen
600 3073 739 3125 cognomen
757 3071 834 3125 quum
851 3041 952 3109 omnino
970 3061 1003 3109 ad
1020 3058 1077 3109 loen
1088 3057 1217 3124 Neptunia
1236 3055 1340 3124 (liliiller
1352 3051 1473 3104 Orchom.
1486 3068 1511 3118 p.
1523 3051 1585 3118 555)
1604 3057 1662 3102 tum

190 3149 315 3215 imprimis
340 3149 373 3196 ud
390 3148 497 3216 Libyam
521 3166 568 3199 nos
594 3149 717 3208 remittit,
745 3151 827 3217 quam'
845 3157 874 3201 ut
891 3151 951 3201 Her.
969 3150 1001 3202 lt.
1018 3151 1058 3204 so
1074 3151 1208 3218 Neptune,
1235 3151 1274 3200 ite
1291 3146 1377 3200 Sehol.
1395 3145 1470 3196 Pind.
1489 3145 1564 3212 Pyd.
1581 3145 1661 3197 lvd

189 3239 317 3291 Minervae
333 3241 451 3306 Equestri
469 3243 579 3306 patriam
595 3241 702 3302 tribuit,
719 3251 765 3292 nee
783 3240 894 3291 dubitari
911 3247 996 3308 potest
1013 3242 1074 3308 quin
1091 3241 1152 3292 haee
1168 3243 1226 3308 ipsa
1244 3241 1292 3296 sit,
1311 3255 1387 3305 quam
1403 3236 1466 3288 ller.
1484 3237 1525 3286 tv.
1541 3235 1593 3288 188
1610 3253 1661 3288 ιιιιιι

190 3351 248 3386 erun
266 3334 382 3401 Neptuno
406 3337 440 3385 ud
461 3335 544 3385 lurum
562 3335 720 3386 'tritonidem
742 3336 769 3384 in
786 3335 872 3384 Atriea
897 3336 946 3386 eali
969 3342 1072 3396 ιιιιττιιις
1104 3348 1169 3402 quse
1193 3341 1277 3385 antem
1299 3333 1367 3382 done
1391 3328 1424 3380 ab
1441 3336 1550 3395 utroque
1566 3329 1661 3396 Libyes

191 3431 318 3496 accepisse
339 3431 419 3480 tradit
437 3430 523 3498 Steph.
541 3431 602 3498 Byr.
626 3447 645 3480 s.
664 3447 687 3482 v.
706 3429 819 3497 Βάρκην
849 3427 877 3481 οἳ
895 3428 946 3488 τοὶς
965 3424 1157 3495 ἱπποτροφίας
1174 3421 1252 3494 ’παρα
1271 3419 1466 3489 Ποσειδῶνος,
1490 3418 1613 3488 ἡνιοχεῖν
1630 3420 1661 3472 σὲ

192 3517 270 3588 σαροῖ
287 3517 407 3588 Ἀθηνᾶς
432 3517 560 3588 ἔμαθον,
588 3523 676 3572 eadem
699 3525 775 3596 suut,
799 3520 891 3588 qulbus
915 3523 1030 3590 plerique
1047 3523 1158 3588 Neptuul
1182 3527 1207 3571 et
1223 3519 1350 3570 Minervae
1367 3517 1531 3584 Equestriurn
1554 3531 1662 3565 munem

191 3617 365 3685 distinguunt,
394 3621 423 3665 ut
445 3614 478 3665 ab
502 3616 547 3666 illo
570 3620 697 3674 creatum,
720 3611 756 3662 'ah
780 3611 827 3664 hue
851 3613 975 3664 domitum
1001 3629 1093 3678 equum
1118 3616 1232 3662 statuant
1260 3609 1388 3678 (Bittiger
1407 3609 1482 3658 ldeen
1501 3623 1547 3656 sur
1564 3605 1660 3666 llunpt-

190 3706 296 3776 myuu.
315 3707 344 3756 r.
362 3685 400 3768 u,
423 3723 448 3774 p.
465 3706 534 3768 aar,
559 3708 667 3758 ereum
683 3705 796 3774 Symbot.
808 3706 847 3756 r.
861 3706 900 3766 ιι,
918 3725 944 3774 p.
960 3704 1028 3765 aas,
1056 3703 1155 3754 rrum
1171 3720 1197 3770 p.
1211 3701 1272 3766 rea)
1298 3717 1377 3768 eoque
1394 3701 1470 3752 etam
1486 3695 1661 3764 χαιινιιιιος

190 3819 330 3874 cognomen
348 3802 471 3862 referant,
496 3792 564 3868 quod
581 3804 650 3869 apud
668 3799 815 3852 Corinthios
832 3799 946 3850 Minerva
964 3797 1045 3868 gessit
1061 3796 1148 3864 (Pane.
1163 3796 1195 3846 ll.
1213 3794 1239 3846 4.
1259 3793 1302 3860 l),
1328 3793 1377 3843 etei
1393 3793 1496 3850 Attica,
1523 3790 1546 3840 si
1562 3789 1661 3858 sopho-

189 3896 254 3950 olem
267 3897 396 3963 sequimur
408 3895 484 3963 (Oed.
497 3895 551 3946 Col.
569 3912 593 3949 ι.
605 3885 685 3964 itt),
702 3896 820 3964 Neptuno
835 3895 876 3948 rel
889 3895 1018 3948 frenorum
1030 3893 1199 3946 inventionem
1212 3889 1356 3951 tribuehut3
1374 3889 1407 3941 et.
1419 3888 1496 3940 etiem
1506 3884 1662 3938 t'tletrerun

189 4006 216 4056 p.
233 3989 287 4041 134
299 4007 353 4058 sqq.
