3674 4636
776 361 1058 448 ...46-

182 599 267 656 non
293 577 342 656 ad
366 576 593 653 universam
619 588 765 652 terram
781 567 973 665 Atticam,
999 573 1069 652 sed
1090 575 1140 651 ad
1157 562 1362 652 Colonum
1380 589 1561 668 tantum,
1586 581 1664 657 ubi

183 727 362 827 sepultus
381 751 466 804 esse
484 727 732 814 tradebatur,
756 724 931 823 pertinet
942 721 1011 819 ²5);
1037 748 1120 823 quo
1137 724 1171 798 si
1190 724 1351 823 prande
1371 725 1663 808 Thebanorum

182 875 316 976 copiae
351 873 626 962 accessissent,
660 896 799 948 manes
830 897 944 963 suos,
976 871 1221 970 ignominiae
1250 894 1471 962 memores,
1505 874 1661 950 saucios

183 1043 250 1098 eos
283 1019 522 1095 dimissuros
559 1042 643 1094 esse
679 1021 870 1110 ostendit,
904 999 1104 1120 praeterea
1136 1044 1230 1095 vero
1256 1019 1420 1095 mdlum
1446 1020 1510 1094 sui
1536 1046 1660 1098 usum

182 1170 413 1276 pollicetur,
447 1184 494 1246 ut
524 1172 576 1249 ita
606 1174 741 1272 potius
772 1173 990 1254 ridendum
1016 1193 1058 1246 se
1089 1168 1594 1269 Sophoclespraebuisset,
1625 1173 1660 1249 si

185 1317 337 1396 civibus
355 1342 468 1416 spem
486 1315 615 1396 facere
633 1320 681 1396 de
698 1321 880 1397 hostium
899 1321 1017 1398 caede
1034 1318 1243 1410 voluisset,
1269 1320 1340 1419 qui
1357 1320 1436 1395 nisi
1456 1320 1664 1398 Colonum

183 1471 406 1560 venissent,
441 1473 584 1573 Oedipi
617 1474 718 1550 iram
754 1475 921 1575 experiri
955 1471 1127 1548 omnino
1159 1491 1245 1544 non
1277 1483 1449 1568 possent.
1507 1471 1665 1548 Urbem

184 1629 342 1694 tantum
368 1615 618 1694 Athenarum
646 1623 791 1721 Oedipi
818 1646 963 1722 corpus
986 1620 1128 1696 Coloni
1154 1619 1332 1717 positum
1360 1619 1661 1718 quodammodo

132 1815 139 1829 -
184 1768 304 1845 tutari
324 1783 494 1870 poterat,
521 1771 616 1871 quia
638 1770 735 1847 haec
759 1796 780 1848 a
799 1770 957 1848 Boeotis
979 1792 1050 1867 per
1072 1767 1276 1844 Colonum
1297 1767 1555 1866 potissimum
1580 1767 1664 1844 adi·

184 1916 302 1996 batur
321 1917 393 2016 ²⁶);
421 1919 531 2018 quod
550 1917 623 1992 etsi
646 1920 789 2020 Oedipi
814 1920 881 1996 illa
904 1917 1137 2019 pollicitatio
1158 1918 1207 1994 ad
1224 1873 1362 2016 ipsum
1383 1918 1541 2016 politam
1563 1915 1664 1992 refe-

185 2064 310 2139 renda
343 2078 466 2155 esset,
496 2064 600 2142 illud
627 2067 767 2142 saltem
793 2082 953 2165 tempus
979 2078 1189 2164 spectaret,
1223 2089 1354 2163 quum
1379 2061 1662 2154 Athenienses,

186 2209 352 2288 Decelea
386 2226 495 2311 capta
528 2215 578 2291 ad
609 2216 750 2294 incitas
783 2219 949 2307 redacti,
984 2241 1069 2292 non
1102 2230 1184 2292 tam
1210 2215 1313 2314 agris
1339 2213 1513 2312 amplius
1538 2238 1664 2312 quam

185 2358 262 2456 ipsi
280 2359 372 2434 urbi
392 2373 639 2453 metuerent3
663 2365 725 2440 vix
743 2378 878 2444 tamen
895 2368 1135 2444 arbitramur
1149 2363 1269 2439 illum
1284 2365 1329 2438 in
1346 2364 1498 2439 incerto
1513 2373 1663 2438 eventu

184 2518 294 2583 tanta
319 2532 414 2585 cum
437 2507 583 2588 fiducia
602 2513 805 2614 Oedipum
824 2515 1104 2594 vaticinantem
1122 2511 1325 2589 facturum
1343 2509 1466 2587 fuisse
1487 2515 1538 2605 (v.
1552 2509 1660 2604 ew:

484 2659 531 2740 ἵν’
560 2661 682 2760 οὑμὸς
707 2665 831 2744 εὕδων
855 2666 920 2744 καὶ
947 2666 1208 2764 κεκρυμμένος
1232 2659 1349 2748 rende

484 2808 651 2912 ψυχρός
669 2811 754 2888 ποτ’
777 2809 911 2888 αὐτῶν
933 2810 1082 2911 θερμὸν
1099 2807 1194 2905 αἷμα
1214 2801 1362 2887 dierat:

188 2960 400 3064 multoque
430 2968 512 3044 veri
545 2967 717 3043 similius
751 2969 939 3047 ducimus
967 2966 1226 3076 Sophoclem,
1261 2990 1384 3067 quem
1417 2967 1587 3046 omnino
1618 2969 1663 3046 in

256 3257 303 3324 23)
322 3258 418 3311 Stivcru
435 3259 462 3310 in
478 3259 560 3309 Atht.
578 3262 604 3312 d.
620 3261 688 3313 Berl.
706 3259 788 3312 Akad.
804 3260 887 3324 1828,
905 3279 931 3329 p.
944 3258 978 3312 {8
989 3275 1046 3326 sqq.

188 3387 195 3400 ⁶
256 3375 305 3444 26)
322 3378 392 3430 llaec
407 3379 465 3428 ideo
483 3381 608 3430 monenda
625 3381 680 3431 visa
698 3384 772 3442 sunt,
789 3398 820 3430 ne
840 3381 909 3447 quis,
929 3398 1006 3447 quum
1019 3396 1042 3430 v.
1052 3378 1108 3431 45⁷
1121 3379 1213 3450 legerit
1230 3373 1294 3446 τῇδε
1311 3375 1344 3446 τῇ
1360 3377 1441 3432 πόλει
1458 3379 1548 3448 μέγαν
1563 3376 1661 3449 σωτῆρ’

190 3459 321 3534 αἱρεῖσθε,
348 3477 374 3520 et
397 3487 421 3522 v.
434 3469 517 3522 thath
542 3465 652 3538 χοῦτως
675 3467 765 3541 α’δῇον
788 3470 858 3542 τὴνὸ
883 3469 1033 3540 troandum
1058 3471 1142 3526 πόλιν
1160 3465 1299 3538 Σπαρτῶν
1316 3465 1363 3521 tisr'
1380 3467 1503 3538 ἀνδρῶν,
1530 3472 1577 3523 toti
1593 3471 1660 3522 aui-

190 3573 278 3608 corum
302 3561 400 3612 civitati
421 3565 537 3631 promitti
560 3570 674 3625 censeat,
699 3581 763 3632 quae
787 3567 820 3615 ad
844 3571 921 3632 caput
944 3571 1044 3616 tantum
1066 3566 1178 3635 regionis
1201 3553 1324 3631 spectant.
1359 3562 1443 3628 Atque
1464 3562 1533 3613 hand
1555 3565 1607 3614 scio
1628 3581 1663 3614 au

189 3647 255 3700 hunc
272 3651 355 3716 ipsam
379 3652 413 3704 oh
432 3671 533 3705 causam
557 3674 607 3708 uon
625 3657 707 3707 solum
725 3655 845 3728 religioso
863 3674 950 3708 verum
973 3661 1050 3708 etiam
1067 3659 1173 3708 militari
1190 3674 1265 3708 sensu
1285 3657 1434 3718 tornatile,
1460 3659 1665 3725 quamprimum

192 3733 307 3812 Oedipus
331 3747 462 3818 ingressus
487 3755 542 3801 erat
566 3750 601 3819 (v.
619 3749 681 3818 58),
710 3750 826 3802 columen
849 3750 1004 3800 Athenarum
1031 3747 1143 3818 (ἔρεισμ’
1159 3743 1291 3818 Ἀθηνῶν)
1321 3749 1465 3816 appellatus
1476 3752 1537 3810 ἐἰη
1569 3758 1663 3819 quamtn

191 3842 258 3892 enim
275 3840 389 3893 sollertia
406 3850 502 3897 veteres
520 3863 549 3896 en
566 3863 681 3914 quoque,
699 3864 763 3915 quae
780 3845 821 3898 rel
838 3846 920 3898 civilis
937 3843 977 3894 vcl
994 3843 1114 3893 militaris
1131 3844 1266 3908 prudentia
1285 3841 1417 3904 suaderet,
1434 3843 1602 3914 religionibus
1618 3851 1664 3894 uut

191 3937 414 4004 superstitionihus
431 3940 529 3992 sancire
546 3943 734 4002 consueverint,
759 3947 785 3993 et
802 3940 923 3992 Italorum
939 3939 1070 4008 pomoeria
1086 3943 1113 3989 ct
1130 3939 1211 3988 multu
1229 3937 1383 3990 Graecarum
1401 3939 1531 3992 civitatum
1547 3941 1664 4012 instituta

192 4029 332 4084 clarissime
350 4033 448 4086 docent
