3684 4624
775 441 1054 525 ..99-

178 647 325 741 mitatis
353 663 533 739 atrocitas
565 683 613 734 ex
644 659 855 733 inveterata
883 653 1037 753 generis
1064 653 1316 752 perversitate
1344 653 1651 752 explicationem

178 815 369 913 acciperet
385 814 476 910 109);
502 814 546 888 in
565 812 737 888 summis
756 825 889 887 tamen
909 801 1230 896 difficultatibus,
1257 805 1406 906 quibus
1423 802 1482 878 vel
1501 802 1653 902 Sopho·
1728 891 1732 904 ,

178 963 247 1038 clis
281 959 496 1037 artificium
526 957 826 1036 dissimulandis
852 957 978 1055 magis
1004 939 1127 1058 quam
1153 957 1405 1034 removendis
1430 954 1555 1032 valuit
1579 953 1649 1050 ΙΨ)

177 1125 365 1210 tantaque
389 1111 590 1200 varietate,
615 1133 693 1209 qaia
719 1109 897 1208 ipsarum
928 1123 1291 1212 rerumgestarum
1318 1108 1514 1186 memoria
1542 1104 1651 1206 apud
1712 1167 1715 1176 .

177 1263 312 1362 podtas
340 1231 486 1358 pariter
514 1271 552 1334 et
575 1254 803 1334 fabularum
831 1256 1040 1356 scriptores
1064 1258 1294 1356 implicatur
1325 1256 1409 1354 ¹¹¹),
1442 1255 1523 1331 sere
1550 1254 1653 1330 nihil

177 1423 296 1487 restat
318 1410 428 1486 unde
452 1410 496 1483 in
522 1432 566 1483 ea
594 1406 854 1483 existimanda
879 1404 1181 1503 proficiscamur
1207 1417 1361 1503 praeter
1384 1405 1512 1503 ipsam
1542 1403 1652 1479 illam

177 1561 372 1660 Erinyum
399 1561 485 1634 vim
511 1559 673 1655 iraeque
700 1555 852 1631 divinae
879 1563 1130 1650 argumenta,
1157 1575 1259 1651 quae
1284 1552 1355 1650 qui
1381 1565 1484 1627 recte
1514 1574 1652 1626 secum

176 1707 433 1808 reputaverit,
451 1729 535 1781 non
554 1701 767 1798 dubitabit,
785 1703 886 1801 quin
905 1702 1276 1802 antiquissimarum
1292 1704 1651 1780 sanctissimarum-

178 1885 257 1960 que
292 1860 535 1958 religionum
570 1855 728 1955 ¹vestigia
766 1857 998 1931 contineant
1034 1879 1108 1931 nec
1141 1856 1221 1931 nisi
1254 1857 1471 1965 posteriore
1509 1866 1653 1942 aetate,

177 2033 306 2109 quum
340 2006 472 2080 omnis
506 2019 684 2080 veterum
718 2005 995 2103 symbolorum
1027 2008 1222 2083 memoria
1248 1987 1462 2082 interiisset
1487 2021 1557 2084 aut
1582 2007 1651 2110 ob·
1737 2013 1740 2019 '

178 2155 304 2232 scuris
330 2167 486 2230 tantum
513 2155 768 2253 singulorum
793 2157 977 2232 locorum
1012 2158 1247 2234 ceremoniis
1274 2181 1386 2256 aegre
1413 2169 1652 2234 sustentare·

178 2320 262 2396 tur,
285 2295 513 2403 aequalium
531 2307 661 2404 captui
680 2309 976 2386 accommodata
994 2310 1038 2385 in
1058 2308 1280 2386 fabulosam
1298 2311 1470 2409 speciem
1489 2310 1651 2386 transie-

177 2455 275 2546 rint,
309 2467 548 2551 tantumque
579 2454 688 2530 abest
722 2468 766 2527 ut
796 2457 991 2532 moralem
1023 2482 1146 2556 (pram
1173 2459 1313 2533 dicunt
1337 2459 1577 2533 sententiam
1603 2456 1652 2530 iis

175 2656 559 2686 ...σι-Ἴ*-

248 2759 315 2825 109)
341 2759 380 2809 Cf.
397 2758 501 2808 Maxim.
519 2744 661 2824 'ryrjdiss
678 2757 751 2808 XIX.
768 2758 803 2819 9,
821 2777 846 2826 p.
859 2757 929 2810 3762
954 2758 1029 2812 ἔοικε
1046 2761 1076 2812 δὲ
1094 2759 1141 2812 καί
1159 2759 1237 2812 ταυτὶ
1255 2758 1288 2811 τοὶ
1308 2757 1433 2824 ὀνόματα
1451 2755 1524 2811 εἶναι
1541 2759 1653 2824 μοχθη-

178 2852 241 2920 ρίας
264 2847 444 2918 ἀνθρωπίνης
467 2843 588 2917 εὔφημοι
613 2846 808 2918 ἀποστροφαὶ,
833 2848 996 2904 ἀναθέντων
1019 2847 1105 2917 αὐτῆς
1129 2847 1177 2917 τῆν
1199 2847 1293 2902 αἰτίαν
1315 2846 1353 2918 τῷ
1372 2847 1507 2917 δαιμονίῳ
1525 2850 1573 2900 καὶ
1592 2853 1653 2908 ταῖς

178 2945 293 3013 μοίραις
315 2945 363 2995 καὶ
385 2949 447 3004 ταῖς
465 2941 583 3011 ἐρινύσιν
607 2982 636 2996 ..
655 2982 661 2996 .
689 2939 755 3012 ἠδὲ
772 2942 862 3012 ἐρινύς
879 2944 927 2997 καί
945 2939 963 3011 ἡ
982 2941 1050 2996 αἶσα
1067 2946 1114 2995 καὶ
1134 2941 1162 2996 οί
1180 2942 1311 3008 δαίμονες
1328 2945 1376 2995 καὶ
1395 2937 1449 2994 ὅσα
1466 2935 1541 2994 ἄλλα
1558 2940 1654 3009 τίμαρ-

178 3039 262 3104 μένης
281 3035 406 3102 ὀνόματα
412 3073 421 3104 ,
441 3034 521 3090 tatas
538 3034 568 3090 ἐν
584 3034 617 3103 τῇ
636 3033 716 3104 ψυχῇ
733 3038 923 3104 καθειργμένα
941 3073 949 3086 .
965 3073 971 3088 .
989 3074 996 3088 .
1015 3030 1103 3087 ταῦτα
1120 3036 1168 3088 καὶ
1184 3031 1232 3088 τὸν
1249 3033 1373 3102 Θυέστην
1389 3030 1463 3086 addes·
1478 3030 1523 3087 ἐπὶ
1540 3031 1589 3086 τὸν
1604 3030 1654 3084 roci

179 3125 304 3198 α’δτλφοῦ
323 3127 432 3198 γάμον,
459 3127 545 3181 ταῦτα
564 3129 594 3181 δὲ
617 3127 665 3182 τὸν
684 3125 824 3181 Οἰδίποδα
841 3125 885 3181 ἐπὶ
904 3127 952 3181 τόν
969 3127 1019 3181 τοῦ
1036 3127 1142 3196 πατρός
1160 3127 1263 3196 φόνονι
1294 3145 1370 3193 quarn
1389 3129 1584 3180 inuenientium
1600 3145 1654 3178 om·

179 3225 240 3276 nino
263 3226 324 3275 satis
348 3228 446 3274 mature
470 3225 594 3291 Erinyum
617 3221 731 3272 fabulam
755 3239 902 3273 conversam
930 3242 985 3276 esse
1010 3226 1147 3276 ostendunt
1170 3229 1282 3276 veterum
1306 3223 1357 3274 loci
1380 3224 1450 3290 apud
1466 3224 1596 3276 Breminrn
1620 3223 1654 3274 ad

178 3317 296 3370 Acachia.
313 3319 371 3368 adv.
382 3317 510 3369 Timarclt.
528 3333 553 3383 p.
566 3315 634 3376 150,
653 3316 746 3382 quibus
762 3320 823 3369 addi
841 3325 927 3386 potest
939 3321 1054 3371 taceant.
1067 3320 1109 3371 W.
1125 3319 1167 3372 19.
1181 3318 1215 3370 da
1239 3327 1291 3370 tres
1309 3327 1370 3368 sunt
1388 3319 1469 3389 ίγίδιιτ
1485 3319 1593 3388 affectus
1610 3319 1656 3388 qui

179 3409 293 3460 Ιισιτιίιισι
318 3409 345 3459 ιἰι
369 3409 456 3458 mantia
476 3409 598 3478 facinora
620 3411 779 3480 γτιιοσίγιίσσι
804 3419 886 3481 apertat
910 3448 916 3461 .
935 3449 941 3462 .
961 3449 967 3462 .
990 3421 1130 3484 propterea
1147 3417 1241 3484 podiae
1257 3418 1310 3460 tres
1327 3409 1427 3460 Furias
1444 3428 1498 3462 esse
1517 3409 1653 3470 dixerant,

179 3521 244 3573 ριιιιι
261 3511 357 3554 noardes
373 3501 503 3552 Ῑιοιτιίτιιιτιι
519 3503 662 3572 exagitant.

236 3620 314 3686 tto)
338 3621 377 3670 Cl'.
395 3621 500 3694 Aristot.
519 3619 612 3670 Poetic.
631 3618 722 3669 xt'ttt.
743 3618 792 3671 {42
821 3614 928 3691 ἄλογον
943 3624 973 3676 δὲ
989 3625 1075 3691 μηδὲν
1091 3620 1162 3675 εἶναι
1180 3619 1210 3674 ἐν
1227 3627 1285 3682 τοῖς
1303 3619 1480 3688 πράγμασιν,
1504 3618 1530 3670 τί
1548 3620 1578 3672 δὲ
1595 3618 1651 3688 μή,

180 3711 236 3772 ἔξω
260 3711 309 3780 τῆς
332 3710 488 3781 τραγῳδίας
496 3749 505 3778 ,
531 3708 593 3764 οἷον
617 3711 650 3763 τοί
675 3708 704 3764 ἐν
727 3710 764 3779 τῴ
784 3712 914 3768 Οἰδίποδι
933 3715 969 3786 τῷ
989 3716 1187 3785 Σοφοκλέοαςι
1215 3717 1283 3782 quod
1301 3716 1375 3782 quale
1393 3716 1440 3774 sit,
1466 3715 1520 3780 ipsc
1538 3714 1653 3780 exemplo

178 3805 318 3858 illustravit
335 3805 417 3856 XXV.
435 3805 468 3866 8,
492 3807 626 3856 recentiori
649 3812 733 3856 nartem
757 3813 839 3859 octale
862 3826 878 3859 a
896 3811 1021 3862 Voltairio
1045 3811 1153 3860 inaximo
1177 3809 1331 3879 exagitatum
1349 3811 1515 3860 defenderunt
1532 3808 1654 3858 Boirinus

178 3900 296 3950 inillam.
315 3902 348 3950 dc
364 3899 460 3950 l’.lcad.
478 3902 503 3950 d.
523 3901 601 3950 inser.
619 3901 649 3950 T.
664 3900 739 3962 vlit,
757 3919 782 3969 p.
794 3903 848 3955 587
859 3923 914 3973 sqq.
932 3912 958 3957 et
975 3907 1126 3957 llliirnnerus
1143 3906 1170 3955 in
1188 3905 1250 3955 diss.
1268 3905 1300 3956 de
1318 3905 1419 3971 Oedipo
1437 3922 1498 3974 rege
1515 3921 1541 3970 p.
1554 3901 1587 3952 18
1600 3919 1654 3968 sqq.
1731 3897 1733 3902 ’

250 4013 312 4078 tlt)
336 4013 374 4064 Cf·
394 4014 525 4066 Welelrrri
542 4016 673 4086 Nachtrag
689 4035 714 4085 p.
729 4017 782 4069 Μ
794 4037 865 4088 sqq,
887 4023 1048 4074 Tiandicbnrn
1066 4024 1093 4072 in
1110 4024 1215 4089 interpr.
1234 4020 1351 4072 German.
1370 4039 1395 4088 p.
1406 4020 1461 4072 214
1475 4037 1528 4086 sqq.
1547 4024 1573 4070 ct
1585 4017 1653 4079 ⁶28⁷,

181 4108 344 4160 Wundcrum
362 4108 395 4157 ad
413 4109 473 4160 Occl.
494 4109 549 4161 Col.
566 4127 591 4178 γ.
604 4109 638 4161 18
650 4129 715 4179 sqq,
735 4120 760 4164 ct
779 4132 843 4181 quos
860 4116 1006 4170 latitantia
1024 4136 1135 4188 prooem.
1153 4119 1223 4188 lectt.
1242 4119 1330 4170 aestiv.
1350 4115 1437 4175 1854,
1455 4132 1480 4165 n.
1498 4115 1559 4165 l-
1571 4111 1597 4164 5.

1170 4213 1241 4283 15*
