3684 4624
165 1339 277 1477 Jam
305 1394 526 1499 antiquitus
553 1397 807 1472 observatum
833 1404 892 1469 est
916 1390 980 1465 vix
1002 1389 1138 1466 ullum
1163 1388 1392 1467 fabularum
1415 1387 1555 1464 orbem
1577 1407 1640 1462 ex·

168 1561 290 1639 stare,
324 1545 394 1646 qui
421 1542 547 1644 politis
574 1539 720 1639 pariter
745 1560 790 1615 ac
817 1530 1077 1631 scriptoribus
1102 1533 1314 1634 largiorem
1341 1530 1641 1610 commentandi

167 1694 377 1774 materiam
402 1690 603 1789 praebeat,
630 1708 753 1786 quam
778 1683 850 1783 qni
876 1679 927 1759 ad
951 1677 1091 1758 Cadmi
1118 1695 1297 1783 posteros
1320 1682 1516 1784 regnique
1538 1680 1643 1757 The·

168 1844 264 1922 bani
296 1837 589 1917 vicissitudines
619 1829 831 1934 pertineat,
863 1827 987 1934 idque
1011 1836 1056 1910 in
1082 1835 1263 1914 nostram‘
1290 1861 1453 1938 quoque
1477 1849 1644 1914 aetatem

171 1992 291 2081 cadit,
329 1989 394 2064 cui
428 1987 499 2063 etsi
533 2007 578 2059 ex
610 1995 718 2060 tanta
749 1992 931 2056 veterum
961 1998 1327 2062 monumentorum
1352 1999 1480 2086 strage
1507 1985 1647 2086 exigua

171 2145 295 2221 modo
321 2140 540 2240 fragmenta
567 2147 715 2212 servata
741 2133 838 2223 sint,
869 2148 1004 2212 tamen
1030 2133 1126 2210 haec
1151 2135 1237 2233 ipsa
1261 2147 1345 2213 tam
1367 2135 1646 2213 inexhaustam

171 2304 505 2394 argumentorum
532 2286 689 2387 copiam
715 2284 944 2373 continent,
969 2295 1016 2357 ut
1042 2283 1075 2358 si
1101 2284 1193 2384 quis
1220 2283 1344 2360 semel
1371 2284 1422 2362 ad
1447 2306 1492 2361 ea
1517 2305 1645 2360 acces·

173 2441 286 2532 serit,
313 2439 445 2558 aliamx
460 2462 506 2512 ex
532 2435 608 2512 alia
634 2435 946 2533 disputationem
970 2443 1128 2505 nectere
1155 2444 1336 2531 cogatur,
1361 2431 1546 2531 mihique
1572 2431 1648 2530 ipsi

171 2590 253 2688 iam
283 2588 420 2718 tertiae
452 2583 680 2682 scriptionis
706 2581 982 2656 necessitatem
1014 2600 1097 2652 una
1124 2579 1269 2677 Oedipi
1296 2577 1430 2655 fabula
1455 2581 1648 2677 imponat.

172 2738 278 2810 Nam
312 2753 442 2830 quum
459 2707 461 2716 ¹
477 2727 593 2803 initio
620 2727 824 2826 Oedipum
852 2729 1003 2820 Regem
1035 2734 1194 2798 tantum
1220 2723 1419 2801 illustrare
1444 2748 1650 2825 aggressus

175 2907 322 2973 essem,
347 2881 432 2980 ipse
458 2876 739 2978 disputationis
768 2873 861 2951 finis
889 2875 938 2952 ad
965 2872 1192 2952 Coloneum
1218 2901 1284 2952 me
1310 2875 1657 2978 traddait„quam

175 3000 306 3134 quum
332 3026 555 3106 nonnullos
580 3025 631 3103 ad
656 3023 851 3100 Periclem
875 3023 1247 3102 commendandum
1275 3026 1462 3125 scriptam
1489 3049 1652 3102 censere

174 3180 383 3269 vidissem,
409 3176 529 3252 simul
556 3201 652 3251 cum
672 3188 826 3252 mutata
850 3176 900 3252 de
920 3176 1127 3277 Sophoclis
1150 3178 1196 3252 in
1220 3177 1447 3278 republica
1472 3177 1652 3278 partibus

176 3325 372 3405 sententia
396 3323 520 3424 hujus
546 3349 710 3426 quoque
734 3324 915 3402 indolem
941 3335 980 3397 et
1005 3324 1221 3400 consilium
1248 3323 1365 3424 longe
1391 3324 1503 3402 aliter
1528 3324 1653 3425 expli·

176 3478 256 3556 cari
284 3475 508 3576 oportebat:
550 3474 627 3551 hoc
660 3489 795 3552 autem
822 3449 952 3574 quum
977 3479 1022 3552 in
1047 3501 1095 3553 eo
1123 3478 1382 3577 potissimum
1407 3479 1654 3580 posuissem,

177 3637 225 3700 ut
249 3623 489 3724 Sophoclem
521 3648 607 3699 non
639 3637 722 3701 tam
756 3625 904 3700 civium
931 3649 1101 3702 suorum
1127 3626 1285 3704 animos
1311 3628 1360 3705 ad
1385 3626 1544 3708 futurae
1574 3629 1654 3708 vic·

177 3776 301 3852 toriae
326 3799 439 3874 spem
466 3774 634 3874 erigere,
661 3753 790 3875 quam=
807 3745 1015 3882 sacrorum
1039 3777 1129 3877 pagi
1155 3776 1220 3853 sui
1244 3776 1387 3856 natalis
1412 3777 1653 3854 memoriam

177 3930 398 4006 instaurare
420 3928 593 4005 voluisse
617 3927 811 4021 dicerem,
836 3955 900 4007 res
924 3930 1008 4028 ipsa
1034 3927 1147 4028 quasi
1174 3926 1388 4029 flagitabat,
1415 3942 1464 4004 ut
1488 3928 1653 4004 illorum

18 4165 21 4280 W
174 4105 387 4172 ‚sacromm
414 4079 739 4182 religionumque
764 4080 846 4158 vim
873 4092 913 4156 et
935 4090 1122 4157 naturam
1143 4078 1266 4180 paulo
1293 4075 1515 4158 accuratius
1541 4097 1654 4152 enar-

1184 4209 1209 4273 9
1327 4251 1331 4256 ,
