3684 4624
805 379 1086 469 ...62-

96 600 98 604 '
193 611 269 708 me
300 539 452 680 movet,
491 593 601 692 quod
637 591 862 671 nonnullae
887 589 1056 677 ,fabulae
1090 609 1220 696 partes
1251 599 1517 700 Emipiderun
1550 603 1689 681 verius

202 760 324 840 quam
343 741 613 842 Sophocleum
631 744 847 844 ingenium
868 740 1067 837 referunt,
1091 760 1139 822 ut
1158 746 1329 847 junioris
1350 748 1485 850 potius
1505 749 1691 828 hominis

201 917 392 986 manum,
419 897 572 996 quique
594 920 690 976 suae
712 899 849 977 aetatis
871 895 1019 996 judicia
1043 919 1168 999 quam
1188 897 1351 997 antiqua
1372 897 1552 997 exempla
1571 901 1690 1000 sequi

200 1043 411 1136 maluerit,
437 1045 615 1122 redolere
640 1031 871 1142 videantur3
896 1051 1023 1128 modo
1047 1051 1158 1127 enim
1185 1048 1425 1150 Sophoclem
1446 1049 1587 1148 ipsum
1613 1073 1691 1150 per

202 1205 402 1268 extremos
424 1159 525 1268 ritae
550 1209 678 1271 annos
704 1193 803 1272 haec
830 1195 1033 1296 scripsisse
1059 1209 1300 1291 statuamus,
1333 1223 1420 1276 non
1445 1199 1688 1278 mirabimur

202 1341 409 1420 scenicum
434 1341 594 1444 politam
621 1361 667 1423 ut
692 1348 736 1426 in
754 1347 973 1426 Philocteta
997 1349 1051 1428 ita
1077 1374 1191 1428 nunc
1218 1375 1381 1453 quoque
1407 1352 1558 1452 aliquid
1585 1365 1687 1429 tem·

201 1495 367 1594 poribus
398 1498 587 1576 tribuisse
606 1519 744 1603 ‚seque
776 1502 826 1580 ad
851 1513 1005 1578 mutata
1038 1501 1269 1601 aequalium
1296 1501 1490 1578 desideria
1518 1523 1688 1603 compo·

201 1644 329 1721 suisse
341 1672 353 1735 3
387 1663 463 1724 nec
495 1647 673 1748 prolecto
705 1652 845 1727 minor
877 1673 1019 1740 earum
1044 1651 1221 1751 partium
1247 1671 1447 1728 numerus
1474 1665 1549 1742 est,
1581 1674 1687 1750 quas

202 1792 372 1870 etiamsi
393 1797 442 1872 ab
462 1797 532 1874 illo
551 1797 747 1897 profectas
769 1821 854 1874 esse
875 1817 962 1873 non
980 1809 1196 1887 constaret,
1222 1809 1357 1872 tamen
1376 1809 1538 1896 propter
1554 1795 1687 1896 ipsam

201 1944 483 2041 praestantiam
514 1947 670 2022 nemini
701 1959 902 2047 praeterea
934 1944 1056 2022 tribui
1088 1960 1406 2022 consentaneum
1439 1959 1553 2024 esset.
1608 1949 1686 2024 Sed

201 2093 299 2169 haec
334 2103 372 2165 et
405 2091 552 2170 similia
590 2094 677 2170 aliis
712 2094 882 2172 libenter
922 2091 1199 2196 persequenda
1237 2095 1532 2195 relinquimus;
1572 2117 1684 2170 nunc

202 2240 296 2316 satis
316 2253 375 2315 est
400 2241 711 2334 demonstrasse,
735 2243 842 2320 nihil
862 2257 932 2321 aut
955 2242 1060 2320 intra
1082 2255 1154 2320 aut
1174 2254 1280 2319 extra
1300 2240 1478 2320 fabulam
1501 2254 1683 2322 nosuam

201 2387 395 2478 inveniri,
436 2389 547 2490 quod
586 2391 633 2468 ab
674 2390 848 2492 antiquis
891 2393 1194 2473 auctoritatibus
1234 2393 1438 2472 discedere
1478 2393 1682 2492 veterique

201 2539 421 2616 memoriae
453 2540 577 2617 fidem
612 2561 688 2617 nos
720 2559 867 2642 negare
899 2556 1033 2645 cogat,
1071 2545 1182 2645 quod
1215 2542 1261 2619 in
1294 2541 1597 2643 quaestionibus
1628 2540 1681 2614 ad

200 2701 382 2768 externas
405 2691 604 2769 librorum
622 2691 804 2772 fortunas
828 2707 868 2771 et
888 2694 1078 2774 historiae
1098 2701 1367 2769 monumenta
1384 2685 1680 2789 pertinentibus

201 2863 361 2940 semper
384 2866 598 2920 summum
623 2863 709 2920 esse
734 2843 869 2936 debet3
907 2844 984 2924 alia
1010 2866 1128 2922 cansa
1157 2855 1218 2918 est
1242 2861 1387 2918 eorum
1412 2861 1514 2940 quae
1540 2836 1591 2915 ad
1617 2836 1680 2912 in·

202 2991 390 3069 teriorem
416 2996 509 3072 artis
536 2995 869 3074 existimationem
894 2991 1189 3092 ingeniumque
1209 2990 1350 3090 poetae
1373 2983 1680 3087 dijudicandum

202 3141 423 3242 pertinent,
445 3139 544 3222 haee
570 3147 682 3223 enim
708 3161 845 3226 nostra
870 3156 995 3225 aetate
1019 3139 1151 3218 multo
1177 3139 1325 3216 rectius
1350 3151 1472 3240 atque
1491 3135 1678 3214 subtilius

202 3316 327 3394 quam
359 3295 582 3395 antiquitus
614 3297 782 3400 intelligi
815 3311 1004 3378 notares
1035 3309 1115 3387 est3
1155 3306 1330 3372 attamen
1357 3291 1408 3366 ob
1435 3312 1524 3366 eam
1550 3289 1679 3388 ipsam

204 3469 383 3540 causam,
421 3451 617 3548 quoniam
648 3473 723 3530 suo
755 3451 953 3556 crrjusque
985 3445 1176 3548 temporis
1207 3439 1359 3542 judicio
1391 3437 1519 3536 magis
1555 3455 1678 3535 quam

205 3596 320 3673 certis
340 3623 479 3676 rerum
499 3597 772 3684 fundamentis
791 3606 1003 3694 nituntur,
1033 3595 1166 3679 multo
1187 3591 1391 3674 difficilius
1406 3589 1458 3668 ad
1476 3583 1678 3687 liquidum

203 3746 366 3846 perduci
392 3765 573 3850 possunt
