3684 4624
783 405 1064 492 ..70-

138 583 142 595 ¹
190 619 391 708 uideam,
419 643 540 717 quam
557 620 694 718 ipsum
712 641 865 693 nomen
884 619 989 717 apud
1010 621 1181 694 Graecos
1198 629 1344 692 ursam
1361 625 1530 692 matrein
1552 612 1676 696 habi·
1780 675 1787 686 .

191 781 270 842 tam
289 791 373 843 esse
394 769 577 857 ostendat
594 768 662 866 ¹⁴),
690 794 785 845 cum
800 768 952 858 Furiis,
978 765 1151 842 Telluris
1169 765 1328 842 filiabus
1346 765 1415 859 ¹5),
1442 765 1672 840 arctissimo

189 911 352 992 vin'culo
384 915 628 1015 conjungere
660 917 766 993 nulli
800 918 1053 1006 dubitemus;
1084 925 1212 1014 utque
1237 907 1525 1001 concedamus,
1543 901 1671 1010 'qnod

189 1063 282 1138 satis
309 1085 331 1136 a
356 1061 450 1137 viris
477 1063 603 1138 doctis
629 1065 950 1142 demonstratum
976 1077 1053 1155 est,
1080 1085 1154 1138 nec
1173 1059 1315 1138 Furias
1338 1055 1527 1156 μεγάλαιν
1549 1065 1668 1135 θεαῖν

188 1331 263 1382 initio
280 1331 379 1401 Erinyn
401 1334 483 1386 inisse
499 1352 559 1386 mox
579 1335 739 1397 videbimus,
762 1338 868 1416 eadem,
892 1343 1029 1407 postquam
1047 1333 1140 1387 Furiae
1158 1335 1185 1386 in
1202 1332 1356 1384 Eumenides
1373 1333 1544 1393 transierant,
1569 1333 1671 1404 etipsa

189 1429 307 1476 usnam
324 1441 396 1477 snam
410 1429 439 1478 in
453 1415 541 1480 mitius
559 1437 705 1482 convertere
721 1437 830 1500 poterat

260 1534 307 1604 it)
333 1535 466 1606 Δημήτηρ
484 1540 552 1589 eninr
571 1540 644 1606 quasi
661 1538 708 1608 Γῆ
724 1541 813 1610 μήτηρ
830 1545 960 1594 nominata
979 1549 1018 1594 est
1035 1547 1101 1592 teste
1118 1540 1240 1593 Cicerone
1257 1540 1290 1590 sle
1305 1538 1403 1597 Natura
1420 1538 1495 1592 Deor.
1509 1541 1538 1590 ll.
1554 1539 1609 1601 263
1635 1543 1670 1594 ct

188 1627 289 1683 Fabric.
306 1633 341 1684 ad
358 1633 463 1684 Sextum
475 1633 549 1703 llmp.
561 1635 607 1686 lx.
622 1634 676 1688 ¹89
692 1642 718 1687 et
735 1638 877 1688 l’rellerum
896 1637 946 1689 Η.
965 1651 991 1702 p.
1003 1632 1074 1694 566,
1094 1635 1138 1700 qui
1155 1631 1216 1683 lieet
1233 1648 1289 1682 eam
1304 1632 1500 1702 originationem
1517 1635 1667 1704 impugnet,

190 1729 276 1774 tamea
293 1741 375 1791 neque
391 1725 448 1792 ipse
466 1726 598 1778 meliorem
616 1727 703 1778 attulit
721 1747 802 1796 neque
819 1728 992 1802 argumentis,
1017 1723 1109 1794 qrribus
1127 1741 1183 1775 eam
1200 1725 1375 1794 impugnavit,
1397 1724 1457 1792 plus
1475 1725 1572 1787 effecit,
1590 1743 1669 1793 qnam

191 1815 235 1880 qni
254 1815 397 1882 Apollinem
413 1834 463 1885 pro
482 1817 556 1881 Sole,
579 1817 671 1870 «lovem
687 1836 736 1887 pro
753 1821 831 1871 Coelo
849 1821 937 1874 lralreri
954 1828 1048 1875 vetant.
1085 1821 1162 1890 Quod
1181 1821 1247 1871 eninr
1265 1819 1361 1873 Ovidio
1377 1820 1442 1872 duce
1465 1819 1547 1888 (Fast.
1565 1823 1586 1876 l.
1603 1821 1670 1890 6⁷5)

191 1908 256 1960 inter
268 1909 376 1960 Terram
394 1915 420 1961 et
433 1909 551 1961 Cererem
568 1913 705 1963 discrimen
722 1915 829 1975 statuit,
848 1920 877 1965 ut
894 1914 956 1968 lracc
973 1933 1076 1968 eausam
1092 1915 1225 1986 frugibus,
1243 1913 1289 1964 illa
1305 1913 1390 1966 locum
1403 1913 1538 1981 praelicat,
1557 1917 1676 1976 coeris,

192 2017 240 2065 qne
262 1989 356 2052 numen
379 2002 414 2053 ad
438 2017 560 2073 agrorum
583 2005 670 2072 potius
693 2005 820 2056 culturam
845 2024 921 2075 quara
947 2009 981 2058 ad
1005 2007 1147 2058 naturalem
1169 2006 1270 2056 telluris
1294 2006 1346 2056 vim
1370 2007 1509 2074 pertineat,
1536 2009 1563 2058 in
1581 2016 1670 2077 positas

191 2094 301 2143 maxime
318 2095 404 2154 cadit,
430 2096 474 2162 qui
492 2097 596 2148 llomeri
613 2099 757 2166 exemplum
775 2103 856 2151 secuti
872 2104 978 2156 oleorum
996 2106 1096 2154 nomina
1114 2109 1139 2153 et
1157 2101 1273 2154 officina
1290 2099 1543 2154 rebus'naturslibus
1559 2109 1593 2158 ad
1609 2109 1669 2160 civi.-

192 2184 230 2232 les
247 2183 364 2250 viaeque
381 2186 506 2238 hnmanae
523 2189 687 2240 fundamenta
702 2197 866 2252 revocarunt,
892 2193 951 2245 illas
973 2201 1058 2246 autem
1082 2196 1198 2263 quamvis
1215 2194 1331 2248 l'olrulose
1348 2197 1402 2248 suis
1418 2202 1503 2248 tamen
1520 2198 1669 2267 plerumque

164 2327 167 2330 ,
193 2273 338 2326 semissibus
354 2279 500 2329 tractarunt
523 2279 566 2346 (cf.
584 2281 732 2334 Buttmanni
749 2285 856 2352 lrlytlrol.
881 2287 912 2337 Τ.
929 2290 957 2352 1,
981 2306 1007 2356 p.
1028 2289 1077 2349 ll3
1106 2288 1210 2338 Milleri
1228 2288 1349 2362 Prolegg.
1366 2307 1388 2342 a.
1406 2307 1428 2342 a.
1446 2291 1593 2342 wissenscln
1612 2291 1669 2362 MJ-

192 2368 258 2420 rtet
267 2386 293 2437 p.
305 2368 386 2438 574),
405 2389 455 2424 non
473 2375 586 2425 coditio
603 2377 763 2450 singularum
779 2369 896 2450 gentium
914 2389 940 2434 et
956 2383 1071 2436 locorum
1089 2380 1242 2453 religiones,
1263 2399 1326 2450 quas
1345 2399 1523 2451 saepenumero
1539 2381 1668 2447 antiquio·

194 2479 252 2513 rnna
274 2463 419 2516 tabularum
442 2469 551 2519 t'ormam
575 2487 633 2521 cum
651 2470 708 2539 ipsa
731 2473 846 2525 locorum
869 2480 961 2525 natura
980 2473 1139 2542 conjunctam
1162 2474 1272 2524 retinere
1289 2479 1483 2525 consentaneum
1499 2481 1565 2536 erat,
1588 2481 1669 2542 ntqne

194 2558 331 2608 concedam
354 2557 422 2610 inter
441 2559 488 2611 lras
508 2579 607 2631 proque
623 2565 719 2628 tuisse,
745 2585 810 2635 qnae
827 2571 887 2636 quia
903 2568 1000 2619 arctius
1017 2582 1075 2618 cum
1094 2557 1198 2616 cultiori
1213 2565 1280 2616 sitne
1297 2581 1390 2636 genere
1408 2567 1591 2628 cohaererent,'
1605 2583 1668 2634 pan·

194 2647 267 2700 latim
284 2650 312 2701 in
328 2651 422 2724 vulgus
440 2655 615 2722 reciperentur
631 2658 837 2728 reliquarumque
854 2661 1032 2713 anctoritatem
1049 2657 1242 2718 imminuerent,
1265 2663 1296 2708 nt
1313 2659 1457 2710 Eleusinios
1474 2659 1592 2721 Cereris,
1609 2659 1670 2710 oel-

194 2741 283 2808 plricas
299 2744 444 2812 Apollinis,
471 2765 579 2816 quarum
599 2750 661 2800 illas
683 2755 798 2818 proxime
820 2771 879 2804 cum
897 2771 1018 2825 agrorum
1036 2754 1136 2806 cultura
1154 2753 1316 2822 conjunctas,
1341 2753 1387 2805 has
1404 2731 1553 2825 longissime
1571 2773 1586 2805 n
1604 2755 1671 2807 Solis

194 2840 266 2890 cnltn
281 2848 399 2893 ‘remotas
420 2845 499 2896 tuisse
522 2861 573 2896 noo
595 2846 707 2908 infitior,
731 2865 775 2900 eas
792 2851 861 2916 ipsas
884 2855 970 2900 tameo
992 2867 1008 2900 s
1024 2847 1144 2918 reliquis,
1168 2847 1319 2916 quibuscum
1337 2845 1462 2898 conflatae
1485 2828 1559 2908 aurit,
1585 2867 1670 2920 segre·

195 2935 294 3002 gardas
310 2936 396 3000 potius
414 2955 490 3005 qnam
507 2941 541 2990 ael
559 2957 646 2991 earum
663 2941 876 2993 existimationem
893 2931 1051 2993 adhibendas
1069 2958 1168 2994 censeo.
1204 2939 1278 3008 Quae
1295 2957 1373 3008 quum
1390 2939 1427 2990 ita
1445 2941 1510 3000 siut,
1531 2941 1671 2992 secundnm

195 3032 389 3092 srgrrrnentnm,
414 3046 464 3097 quo
484 3033 582 3082 monuit
598 3033 750 3094 llorienses,
775 3031 868 3103 quibus
890 3038 973 3088 forma
992 3030 1028 3104 δῆ
1044 3036 1150 3103 propria
1168 3052 1223 3087 esse
1241 3036 1354 3098 dicotur,
1379 3036 1508 3106 agrariam
1525 3037 1599 3086 slearn
1617 3053 1670 3086 orn-

195 3117 267 3166 niurn
290 3118 393 3171 minimo
414 3123 538 3186 coluisse,
561 3141 608 3175 sua
632 3132 723 3194 sponte
746 3135 890 3193 evanescet,
915 3130 1103 3182 etiamsinon
1119 3127 1153 3178 sl>
1170 3129 1227 3195 ipso
1244 3127 1358 3180 Prellero
1376 3127 1506 3178 sublatum
1523 3134 1604 3188 esset,
1627 3130 1672 3195 qai

194 3207 269 3260 iilam
284 3212 393 3262 sormam
411 3215 526 3266 doricam
541 3233 597 3268 esse
614 3221 715 3272 omnino
733 3225 849 3294 negarit3
874 3241 906 3275 ne
923 3229 1008 3274 antem
1024 3223 1073 3274 lrac
1090 3221 1266 3274 observatione
1283 3221 1360 3272 simul
1382 3222 1460 3272 etiam
1477 3221 1671 3290 originationem

196 3309 309 3354 nostram
334 3303 461 3358 sublatam
483 3311 669 3375 existimemus,
695 3331 786 3366 nomen
809 3318 842 3368 de
866 3333 916 3383 quo
937 3317 1024 3386 agitur
1046 3315 1080 3364 sel
1098 3314 1302 3380 antiquissimam
1323 3313 1573 3364 sermonisaetntem
1590 3314 1671 3372 redit,

197 3396 264 3446 aare
288 3413 311 3448 r.
329 3414 352 3449 c.
374 3397 458 3452 dulcis
481 3419 529 3469 pro
546 3403 649 3472 γλυκύς
666 3407 753 3458 naum
768 3415 919 3476 receperunt
942 3410 985 3472 (et.
1002 3407 1132 3460 Maittaire
1147 3410 1181 3461 de
1197 3406 1258 3460 dial.
1276 3406 1294 3457 l.
1313 3423 1353 3477 gr.
1370 3423 1397 3476 p.
1414 3405 1484 3468 ὅῚὸς
1514 3407 1672 3458 Schneider·

197 3486 284 3548 latoio.
297 3491 512 3548 Elementarlelrre
530 3499 560 3550 Τ.
573 3501 600 3562 Ι,
619 3517 645 3568 p.
655 3500 737 3569 259),
756 3504 875 3570 qnodque
891 3503 950 3556 linio
966 3503 1060 3556 rationi
1071 3503 1200 3554 Prellerus
1216 3503 1355 3570 opposuit,
1371 3499 1478 3568 yro'pos
1493 3503 1581 3568 potius
1597 3517 1672 3568 qum

199 3581 303 3650 tripos
319 3589 450 3658 antiquam
466 3599 492 3644 et
509 3595 632 3647 aeolicum
649 3599 757 3650 sormam
774 3600 842 3660 dici,
867 3615 918 3651 non
935 3601 1021 3668 magis
1036 3615 1083 3651 nos
1099 3605 1198 3658 movet,
1222 3613 1300 3664 wana
1317 3596 1340 3647 si
1358 3595 1416 3662 qais
1432 3611 1456 3648 v.
1475 3611 1497 3646 e.
1516 3591 1556 3665 γᾶ
1571 3611 1619 3663 pro
1635 3593 1672 3663 γῆ

198 3680 313 3732 noriam
331 3699 386 3734 esre
403 3691 492 3756 negot,
512 3691 572 3756 quin
590 3689 652 3742 haee
669 3693 793 3746 dialectos
811 3687 880 3762 ὁρῆν
894 3709 943 3760 pro
961 3687 1033 3761 ὀροῖν
1049 3693 1101 3744 elici
1113 3691 1211 3759 jnmt.
1495 3741 1499 3748 ,

267 3790 313 3858 ss)
336 3793 375 3844 Gi.
393 3795 470 3863 Sept.
487 3799 555 3850 Oerl.
577 3799 633 3851 Col
650 3800 705 3855 tor
736 3799 798 3872 [ἧς
815 3819 845 3855 rs
860 3804 908 3856 xci
927 3799 1041 3854 Σκότοιι
1056 3800 1155 3871 κόραι,
1174 3801 1220 3850 nbi
1237 3797 1395 3850 scholiastae
1415 3791 1529 3868 Ἴστρος
1546 3799 1577 3852 dt
1594 3795 1671 3866 δντῇ

198 3886 311 3956 τετάρτῃ
334 3891 440 3960 μητέρα
463 3890 518 3948 reis
541 3891 707 3961 Εὐμενίδων
730 3893 889 3969 Εὖωιιίμην
914 3895 1088 3965 ἀναγράφει,
1118 3886 1342 3963 {crepitans
1367 3889 1433 3962 γῆνι
1467 3895 1500 3944 ef.
1523 3891 1552 3943 G
1576 3891 1673 3959 lietpe

198 3982 338 4051 Erinnyes,
356 3986 440 4038 lierol.
454 3986 531 4040 1851.
548 3988 583 4052 8,
600 4007 626 4057 p.
638 3990 657 4045 8
667 4009 724 4060 sqq,
757 3995 811 4045 Alii
827 3993 918 4056 aliter;
938 4009 985 4044 nos
1001 3999 1085 4044 tamen
1102 3994 1129 4043 in
1146 3988 1312 4061 religionibus
1325 3987 1509 4041 Colonensilrns
1522 3987 1672 4055 Sophoclem

197 4079 327 4128 auctorem
344 4083 432 4130 nostro
444 4079 504 4148 jare
522 4084 592 4150 sequi
611 4082 684 4136 nobis
700 4087 823 4138 violemur.
1188 4093 1191 4098 ’
1377 4109 1381 4114 ·
