3684 4624
780 381 1089 466 ..ffl-

200 592 312 668 cultu
343 595 560 672 arctissime
590 594 811 670 cohaesisse
837 618 923 670 non
949 593 1200 670 Athenarum
1230 597 1353 672 modo
1379 620 1522 674 verum
1551 601 1678 678 etiam

200 745 492 846 antiquioribus
511 744 777 844 Peloponnesi
802 743 1064 842 religionibus
1089 757 1248 842 apparet
1269 742 1356 839 ¹⁷⁴),
1382 768 1466 820 neu
1488 746 1577 842 quis
1604 762 1678 824 aut

198 897 331 996 ipsum
358 909 428 974 aut
452 898 624 972 Dianam
652 897 881 985 Tauricam,
908 918 1030 993 quam
1057 919 1195 970 secrun
1222 895 1430 970 abstulisse
1456 893 1674 988 ferebatur,

197 1069 218 1122 a
241 1046 455 1122 Chthoniis
476 1046 595 1122 sacris
620 1019 819 1144 sejungat,
845 1044 1066 1142 Furiaeque
1092 1041 1239 1142 piaculi
1267 1056 1425 1118 tantum
1452 1043 1672 1122 ulciscendi

198 1213 333 1278 carisa,
368 1189 482 1288 cujus
510 1195 710 1268 Homerus
743 1204 846 1266 certe
871 1215 924 1266 ne
949 1187 1137 1262 meminit
1164 1188 1329 1286 quidem
1358 1187 1445 1285 ¹⁷5),
1480 1189 1672 1266 admixtas

199 1350 370 1428 censeat,
405 1350 443 1412 et
469 1338 704 1414 Troezenios
730 1301 882 1414 fabulas
908 1348 1126 1433 comparet,
1153 1359 1326 1434 quarum
1355 1337 1539 1436 superius
1567 1339 1676 1415 iuter

196 1486 391 1564 tellustria
415 1485 588 1562 numina
615 1485 832 1562 enarranda
857 1485 1107 1559 mentionem
1134 1482 1302 1560 fecimus
1332 1485 1393 1584 (cf.
1420 1502 1503 1562 not.
1525 1490 1605 1586 55),
1633 1507 1677 1566 et

197 1634 429 1734 Megaricos,
449 1633 560 1708 unde
577 1633 847 1732 Iphigeniam,
872 1636 982 1734 quod
997 1635 1123 1734 ipsius
1137 1637 1288 1712 Dianae
1305 1661 1530 1734 cognomen
1548 1639 1689 1716 luisse

95 1783 97 1800 '
196 1787 257 1862 vix
290 1787 505 1887 quisquam
532 1785 705 1885 amplius
737 1787 897 1884 negabit
926 1786 1012 1884 176),
1046 1787 1214 1862 eandem
1240 1811 1335 1864 cum
1363 1792 1507 1864 Hecate
1532 1789 1674 1866 haberi

196 2065 295 2116 Tauros
314 2065 411 2115 venisse
428 2065 573 2123 traderent,
590 2064 701 2130 plurimu
718 2069 803 2114 tamen
819 2065 887 2113 lama
904 2069 973 2124 erat,
991 2069 1051 2130 post
1062 2065 1172 2114 reditum
1186 2065 1286 2112 demum
1300 2063 1353 2112 sive
1366 2063 1492 2114 Troezene
1505 2065 1557 2115 sive
1568 2064 1674 2136 Rhegii,

197 2171 246 2221 quo
264 2155 348 2220 ipsum
366 2153 462 2203 Dianae
480 2154 581 2222 signum
600 2170 684 2204 seeum
702 2153 845 2214 attulisset,
869 2155 1006 2204 lustratum
1024 2171 1093 2215 esse;
1118 2157 1149 2206 ct'.
1167 2155 1211 2205 Fr.
1231 2154 1278 2204 Gn.
1297 2155 1484 2206 Schneidewini
1503 2157 1583 2207 Diana
1603 2157 1673 2208 Pha-

196 2247 279 2300 celitis
302 2252 327 2296 et
351 2246 457 2296 Orestes
481 2244 562 2311 (Gott.
582 2244 658 2296 1852
675 2245 704 2314 8)
728 2264 754 2316 p.
772 2247 792 2300 O
810 2265 865 2316 sqq.
907 2249 1025 2299 Ceterum
1044 2267 1124 2318 neque
1146 2251 1212 2302 illud
1235 2251 1416 2322 negligendum
1439 2258 1479 2302 est
1501 2256 1570 2320 quod
1593 2256 1673 2307 etiam

195 2354 302 2410 puerum
320 2338 451 2395 Orestem,
477 2352 555 2402 quum
578 2335 612 2384 ab
629 2335 750 2407 Aegistho
775 2344 802 2388 et
819 2339 1021 2406 Clytaemnestra
1044 2345 1079 2394 asl
1102 2361 1188 2395 necem
1206 2349 1385 2410 quaereretur,
1410 2343 1443 2394 ab
1461 2346 1563 2398 Electra
1582 2365 1672 2402 sorore

195 2436 323 2484 mutum
340 2445 396 2480 esse
411 2429 545 2487 audimus,
565 2428 634 2493 quod
651 2430 697 2478 etsi
714 2434 847 2496 poetarum
867 2433 894 2482 in
911 2435 1028 2486 manibus
1044 2453 1144 2488 omnem
1162 2436 1263 2487 laltnlae
1281 2437 1390 2503 speciem
1408 2438 1536 2499 amiserit,
1554 2440 1580 2488 ia
1595 2444 1673 2491 tantu

195 2539 280 2574 rerum
297 2519 465 2588 mytbicarum
482 2520 651 2581 admixtione,
669 2538 747 2588 quum
764 2528 789 2572 et
800 2523 928 2575 Electram
940 2528 1038 2592 pariter
1055 2533 1131 2593 atque
1149 2527 1306 2596 Iphigeniam
1324 2528 1351 2576 in
1368 2528 1473 2578 dearum
1489 2531 1574 2596 potins
1591 2546 1672 2596 quana

195 2617 324 2669 hominum
341 2633 445 2667 numero
463 2615 604 2666 habendam
623 2633 678 2667 esse
694 2624 792 2670 constet
810 2617 962 2682 (Schwenck
973 2617 1080 2684 Mythol.
1093 2616 1135 2667 Sk.
1149 2635 1174 2684 p.
1186 2617 1242 2682 uby
1252 2625 1278 2668 et
1289 2618 1394 2668 Orestes
1412 2619 1468 2685 ipse
1485 2621 1527 2670 vix
1545 2623 1672 2689 simplicis

194 2712 243 2764 viri
258 2709 370 2763 indolem
386 2725 448 2776 prae
467 2725 494 2759 se
506 2709 574 2758 serat
585 2707 708 2774 (Usehold
722 2709 811 2760 Gesch.
824 2712 849 2760 d.
861 2713 953 2780 trojan.
962 2711 1056 2781 liriegs
1069 2729 1094 2779 p.
1104 2712 1180 2778 182),
1199 2712 1268 2763 baud
1280 2714 1332 2764 scio
1347 2731 1380 2762 an
1392 2713 1433 2763 his
1441 2715 1496 2782 jaun
1510 2719 1674 2770 manifestam

194 2806 246 2856 vim
270 2803 436 2871 symbolicam
460 2801 572 2853 tribuere
595 2801 687 2863 liceat,
712 2809 741 2853 ut
763 2805 867 2854 victima
889 2807 1001 2872 propitio
1025 2807 1136 2873 quodum
1160 2808 1262 2856 numine
1280 2813 1393 2868 servata,
1417 2809 1506 2858 eodem
1523 2811 1599 2862 modo
1618 2830 1672 2878 quo

194 2899 311 2968 Oedipus
323 2899 431 2966 Sicyone
442 2897 611 2948 Eumenidum
630 2899 703 2959 sede,
721 2900 757 2948 ita
772 2900 878 2950 Orestes
894 2902 963 2966 apud
975 2899 1117 2950 Phocenses
1137 2901 1163 2949 in
1174 2899 1301 2968 Apollinis
1313 2900 1430 2968 Delphici
1445 2904 1538 2954 vicinis
1554 2905 1671 2968 latuerit,

195 2995 274 3047 donec
291 2995 348 3061 ipsa
365 2996 406 3045 dei
424 3010 484 3046 voce
502 2995 536 3042 ad
553 2993 682 3060 piaculum
699 2997 907 3046 committendum
925 2995 1086 3045 excitaretur.

265 3103 328 3171 171)
354 3104 392 3156 Gt.
411 3105 519 3154 Pausan.
537 3104 591 3154 Vll.
609 3103 651 3154 ets.
669 3103 702 3155 As
730 3101 759 3158 ίν
777 3104 914 3176 Ηιρυνιίρι
932 3104 963 3154 δέ
980 3100 1052 3155 ίστιν
1069 3100 1145 3169 ἱερὸν
1162 3098 1341 3167 Εὐμενίδων·
1360 3101 1532 3171 ἱδρύσασθαι
1550 3106 1580 3158 δὲ
1598 3105 1669 3161 ariao*

194 3196 315 3266 Ὀρέστην
332 3195 473 3262 λέγουσινι
493 3201 519 3246 et
537 3195 602 3246 Vlll.
620 3193 665 3245 51.
683 3195 714 3245 22
738 3193 825 3266 τούτῳ
844 3196 874 3247 δέ
892 3194 963 3252 ίστιν
980 3198 1073 3265 ίτιρον
1090 3198 1202 3262 συνεχὲς
1220 3195 1325 3267 χωρίον
1335 3191 1396 3265 Ἄκη
1413 3199 1604 3270 καλούμενον,
1626 3199 1671 3256 ὅτι

194 3291 298 3362 ἐγένετο
316 3289 346 3344 ίν
363 3287 436 3357 αὐτῷ
454 3288 502 3357 τῆς
521 3288 605 3344 νόσου
624 3287 661 3358 τῷ
674 3286 778 3358 Ὀρέστῃ
797 3290 831 3342 τοὶ
850 3290 974 3358 ἰάματα·
993 3287 1141 3356 πεποίηται
1159 3290 1188 3340 di
1200 3287 1335 3352 Εὐμενίσι
1349 3290 1397 3340 καὶ
1412 3285 1516 3343 αὐτόθι
1529 3290 1604 3362 ιἐρόν
1617 3333 1643 3348 .,
1661 3337 1667 3348 .

194 3381 426 3452 Πελοποννησίων
451 3384 481 3436 δὲ
505 3381 534 3434 σί
557 3381 592 3434 roi
616 3377 725 3450 α’ρχαῖα
745 3383 962 3452 μνημονεύοντες
979 3382 1099 3452 πρότερα
1115 3379 1151 3451 τῷ
1170 3377 1274 3450 Ὀρέστῃ
1293 3381 1327 3433 τοὶ
1346 3381 1376 3434 ίν
1385 3379 1516 3454 Ἀρκαδίᾳ
1533 3386 1668 3450 γενέσθαι

194 3477 279 3544 φασὶν
297 3471 350 3528 dut
370 3470 498 3542 Ἐρινύων
514 3468 567 3527 των
585 3474 834 3544 Κλυταιμνήστρας
852 3466 869 3542 ἢ
888 3472 1017 3545 ίνᾺρείῳ
1035 3475 1116 3542 πάγῳ
1134 3473 1182 3544 τήν
1199 3473 1287 3542 κρίσιν
1303 3492 1328 3526 ιι.
1344 3492 1367 3526 τ.
1381 3476 1407 3527 ί.

263 3585 325 3652 att)
344 3586 382 3635 ct.
401 3585 495 3652 Odyss.
513 3585 533 3636 1.
551 3584 591 3636 50
602 3601 658 3650 sqq.
677 3591 702 3636 et
720 3585 763 3636 111.
780 3585 839 3638 506
851 3603 922 3654 sqq,
940 3587 985 3637 nbi
1003 3588 1072 3656 quod
1089 3584 1232 3638 Nitasehius
1250 3583 1324 3648 (erkl.
1336 3583 1457 3636 Anmerls.
1477 3585 1507 3636 Τ.
1520 3586 1540 3646 1,
1559 3603 1584 3654 p.
1596 3589 1670 3660 204)

194 3682 220 3732 et
238 3676 357 3731 Westrilt
381 3678 424 3742 (de
441 3676 561 3744 Aeschyli
580 3675 750 3744 Ghoiphoris,
769 3677 797 3726 L.
809 3678 838 3728 tt.
853 3677 930 3728 ltus.
948 3677 980 3739 8,
1003 3696 1029 3746 p.
1043 3678 1091 3744 18)
1116 3680 1142 3728 in
1157 3678 1242 3728 verbis
1256 3674 1362 3744 μητρός
1382 3675 1512 3746 στυγερῆς
1529 3685 1672 3738 matricidii

194 3772 301 3842 vestigia
318 3771 430 3822 invenire
447 3769 497 3818 sihi
515 3770 646 3828 videntur,
665 3770 741 3820 etiam
759 3786 805 3820 sua
823 3769 872 3820 sibi
889 3787 966 3822 manu
984 3773 1185 3839 Clytaemnestra
1201 3776 1310 3822 mortem
1326 3771 1477 3822 conscivisse
1495 3777 1607 3839 poterat.

263 3873 326 3939 176)
350 3873 389 3926 Cl'.
407 3872 500 3922 ldtiller
517 3871 609 3922 floriet·
631 3871 662 3922 Τ.
679 3872 706 3932 1,
730 3889 756 3939 p.
769 3869 837 3922 585:
869 3871 936 3922 denas
953 3889 980 3921 cs
998 3871 1063 3940 ltilirt
1079 3870 1135 3922 siclt
1152 3870 1212 3922 selu·
1230 3869 1332 3922 evidens
1348 3873 1454 3942 seipsis,
1480 3872 1541 3942 dass
1559 3874 1602 3927 dte
1619 3895 1670 3930 ttts-

194 3967 308 4039 Ιτρείείίείιιε
329 3965 437 4018 Tecltter
453 3963 656 4034 Ayanseatsssoss'r
673 3962 827 4034 Iphigeneia
853 3961 936 4014 nielsls
954 3962 995 4012 ula
1011 3958 1074 4033 jaste
1094 3960 1234 4012 Taurisctr
1253 3959 1364 4012 Getrinas
1380 3963 1427 4024 εἰσ,
1452 3965 1502 4018 ιυίε
1519 3983 1580 4017 ιιιιιιι
1597 3967 1671 4022 dicae

196 4064 223 4116 its
239 4047 369 4114 saehreren
386 4059 498 4114 Stcidtrst
517 4056 723 4112 Grteeteetamts
739 4065 814 4110 stater
832 4057 888 4108 σενι
904 4055 1006 4109 Νιιιιιιιι
1024 4054 1170 4126 Ἰφιγένεια
1188 4053 1301 4106 vereltrte
1319 4061 1363 4104 etc.
