3674 4636
603 405 1154 500 ,wil-2.

156 623 231 723 qui.
249 625 419 712 internis
441 649 604 727 quoque
623 623 868 726 argumentis
886 619 1029 704 fulcire
1046 637 1307 717 conarentur,
1332 625 1450 724 pauci
1472 639 1632 738 tantum

154 794 198 847 ac
216 775 362 870 novicii
381 775 569 855 hemines
587 775 740 858 inventi
757 788 873 866 stant,
900 794 1078 870 quorum
1095 771 1301 852 interdum
1319 771 1454 852 levitas
1472 795 1633 851 causam

152 943 276 1019 quam
291 921 514 1008 ‚urebantur
528 921 768 1003 deteriorem
783 921 968 1004 reddidit
1001 919 1219 1022 Hoepfneri
1238 923 1559 1002 dissertationem
1570 919 1653 1028 14)Ἰ

152 1067 224 1165 qui
250 1091 295 1142 ex
320 1068 563 1146 viridissima
580 1070 695 1146 senis
719 1071 864 1171 Oedipi
891 1071 1157 1171 descriptione
1180 1062 1308 1174 ipsius
1332 1074 1471 1173 poetae
1497 1095 1632 1178 senecf

153 1227 284 1290 tutem
306 1215 508 1316 collegisse
530 1216 694 1310 dicitur,
719 1218 850 1318 ipsam
865 1243 953 1296 nou
973 1221 1169 1314 vidimus3
1195 1221 1414 1301 Denhardo
1431 1234 1568 1301 autem
1584 1219 1631 1320 13)
1730 1229 1733 1233 ’

152 1366 242 1464 jure
267 1380 405 1444 nostro
432 1368 631 1448 levitatem
658 1372 966 1470 exprobramus,
992 1373 1063 1471 qui
1089 1398 1220 1472 quum
1246 1373 1356 1449 illud.
1374 1374 1633 1474 potissimum

152 1515 245 1590 viris
267 1514 392 1594 doctis
415 1515 657 1615 scrupulum
677 1515 860 1614 injecisse
881 1520 1062 1610 vidisset,
1088 1522 1199 1620 quod
1220 1522 1437 1621 Sophocles
1457 1521 1502 1597 in
1527 1533 1634 1600 tanta

153 1666 356 1752 simultate
384 1673 576 1766 tantoque
602 1668 715 1760 odio,
742 1672 851 1769 quod
878 1671 1004 1771 ipsius
1030 1683 1155 1750 aetate
1178 1668 1441 1747 Athenienses
1466 1667 1572 1756 iuter
1596 1677 1636 1757 et

155 1816 371 1900 Thebanos
407 1818 599 1894 exstitisse
625 1833 794 1911 constat,
831 1821 1035 1898 Theseum
1063 1843 1159 1894 cum
1185 1820 1359 1894 Creonte
1383 1827 1543 1893 tantum
1570 1836 1633 1889 ex·

154 1962 426 2062 postulantem
467 1963 622 2057 fecerit,
668 1969 865 2046 civitatem
908 1971 1195 2050 Thebanorum
1235 1969 1349 2046 omni
1390 1965 1507 2066 culpa
1545 1943 1640 2048 ette-¹

153 2115 368 2210 merit1ss),
392 2131 530 2196 totam
560 2123 647 2196 rem
680 2123 755 2198 sibi
783 2121 1000 2202 confecisse
1030 2124 1149 2202 visus.
1165 2134 1242 2212 est,
1277 2120 1378 2198 dum
1404 2119 1480 2195 sub
1508 2117 1635 2194 finem

155 2261 251 2340 belli
269 2263 548 2364 Peloponnesii
570 2269 711 2346 odium
731 2270 1022 2350 Thebanorum
1039 2272 1084 2351 in
1098 2269 1363 2350 Athenienses
1380 2269 1635 2368 languescere

156 2416 334 2515 coepisse
365 2439 494 2518 eoque
520 2433 719 2519 tempore,
753 2447 835 2522 quo
859 2422 1001 2500 fabula.
1019 2422 1163 2520 scripta
1176 2425 1310 2511 esset,
1345 2419 1634 2498 Thebanorum

155 2567 356 2667 populum
377 2568 690 2647 Atheniensibus
716 2570 875 2662 favisse,
901 2571 1110 2668 optimates
1136 2582 1297 2646 tantum
1320 2568 1486 2647 infestos
1511 2568 1635 2646 fuisse

157 2711 388 2810 conjiceret,
417 2712 532 2812 cujus
557 2717 774 2794 sententiae
796 2738 931 2793 unum
955 2713 1034 2790 hoc
1055 2727 1340 2813 argumentum
1362 2714 1500 2804 habet,
1525 2714 1636 2813 quod

155 2859 264 2937 hello
288 2859 404 2937 finito
428 2861 609 2938 Thebani
633 2864 945 2943 Atheniensium
969 2863 1122 2943 exsules
1149 2865 1282 2942 statim
1305 2863 1547 2943 amicissime
1572 2887 1634 2940 ex·

158 3021 368 3108 ceperunt3
401 3031 498 3106 nam
532 3011 643 3109 quod
676 3011 786 3088 addit
816 3035 884 3090 eos
917 3015 995 3094 hoc
1025 3013 1107 3113 jam
1133 3027 1313 3113 tempore
1338 3011 1473 3090 nullas
1500 3025 1636 3091 contra

156 3160 421 3238 Athenienses
448 3161 579 3261 copias
606 3163 808 3256 eduxisse,
833 3166 878 3241 in
901 3163 1005 3241 illud
1029 3177 1189 3263 tempus
1211 3161 1334 3250 cadit,
1360 3185 1491 3259 quum
1510 3159 1634 3236 Thra·

158 3308 325 3412 sybnlus
358 3309 568 3385 Piraeeum
602 3310 760 3388 tenebat
787 3311 867 3413 ¹⁷),¹
894 3337 976 3415 quo
1012 3311 1192 3414 tempore
1225 3308 1440 3414 Sophocles
1476 3309 1633 3429 dudum

226 3582 274 3649 ld)
298 3583 368 3634 rste.
387 3583 517 3650 Hocpfucr
539 3585 571 3636 dc
594 3583 729 3652 Sophoclis
746 3585 848 3654 Oedipo
866 3587 991 3650 alance,
1015 3585 1142 3660 Elhingnc
1161 3585 1239 3640 {822
1273 3585 1413 3658 Eleganter
1434 3585 1557 3652 scriptam
1575 3583 1637 3635 dicit

159 3673 223 3726 God.
241 3675 402 3726 liet-mannus
419 3675 469 3728 l.c.
486 3692 513 3742 p.
526 3675 595 3726 xlv.
646 3750 651 3763 ι
913 3750 916 3756 Ι

229 3786 273 3852 13)
289 3788 320 3840 B·
332 3787 375 3840 Fr·
392 3787 514 3845 Dcnhtrd
531 3789 563 3840 dc
578 3788 713 3860 ¹Sophoclis
732 3791 834 3861 Oedipo
851 3794 979 3854 Colonen,
997 3791 1080 3844 mast.
1094 3790 1175 3844 18³0.
1193 3790 1224 3853 8,
1242 3808 1268 3860 p.
1279 3791 1316 3842 28
1327 3807 1382 3862 sqq.

227 3883 274 3952 to)
293 3886 359 3939 Oed.
376 3887 432 3938 ccl
448 3905 472 3940 r.
485 3887 548 3946 919.
559 3889 621 3952 928,
635 3892 699 3951 958,
851 3939 853 3944 ,

227 3988 274 4056 ll)
296 3988 411 4056 Xancph.
425 3988 529 4042 Hellen.
545 3991 589 4044 lli.
606 3991 673 4046 hil:
709 3980 730 4046 ὦ
747 3986 846 4062 ἄνδρες
856 3991 1020 4061 Ἀθηναῖοι,
1043 3982 1063 4046 ἄ
1080 3990 1133 4058 μὲν
1146 3990 1295 4060 μέμφεσθε
1312 3986 1397 4068 aiacis,
1423 3985 1461 4051 cic
1478 3987 1636 4056 ψηφισαμέ-

158 4097 219 4142 νοις
240 4079 354 4148 rahnei
380 4080 453 4152 napi,
468 4075 545 4150 ὑμῶν
567 4081 598 4142 ὄν
617 4081 652 4154 τῇ
673 4084 822 4144 καταλύσει
845 4083 895 4142 τοῦ
920 4085 1066 4154 πολέμου,
1098 4083 1150 4142 ocia
1173 4083 1269 4156 ὀρθῶς
1288 4085 1451 4160 μέμφεσθε·
1484 4077 1518 4134 co'
1541 4075 1634 4150 γάρὴ
