3674 4636
765 415 1048 506 ..492

165 651 308 733 parum
339 634 437 714 inde
470 633 573 712 lucis
608 635 659 712 ad
691 631 849 712 fabulae
883 645 1063 713 aetatem'
1085 633 1347 725 redundaret,
1382 655 1485 734 quae
1518 636 1636 716 etiam

165 779 317 881 aliquot
348 782 466 859 annis
497 795 590 881 post
613 782 731 858 scribi
757 782 973 882 potuisset,
1009 783 1152 865 eodem
1177 781 1321 873 modo,
1347 805 1429 882 quo
1454 782 1500 856 in
1524 783 1637 881 prae·

164 925 332 1002 dicanda
372 915 568 1004 olearum
594 930 798 1008 sanctitate
836 955 921 1006 non
961 942 1123 1006 tantum
1164 943 1366 1005 recentem
1405 929 1637 1006 Archidami

164 1099 307 1152 verum
334 1077 453 1154 etiam
479 1079 693 1181 antiquum
720 1083 857 1158 Xerxis
883 1075 1064 1156 furorem
1088 1080 1258 1180 respexit
1280 1077 1352 1174 5⁵);
1391 1104 1467 1156 nec
1492 1080 1639 1157 melior

164 1223 417 1322 reliquorum
448 1227 707 1326 vestigiorum
733 1211 955 1317 causaest,
988 1249 1089 1326 quae
1115 1227 1165 1302 ad
1189 1251 1252 1301 res
1280 1225 1488 1325 Sophoclis
1514 1239 1638 1307 aetate
1687 1211 1690 1218 ⁴

165 1386 290 1472 gestas
314 1372 453 1450 referri
476 1378 651 1476 possint,
678 1377 758 1452 nisi
784 1377 895 1475 quod
919 1374 1120 1450 nonnulla
1145 1398 1287 1449 eorum
1313 1372 1454 1449 alienis
1480 1377 1636 1474 opinio-

163 1519 284 1596 nibus
310 1545 513 1622 opponere
534 1521 638 1598 licet.
688 1522 913 1620 Reisigium
939 1534 1042 1598 certe
1068 1543 1217 1598 errasse
1242 1523 1286 1596 hi
1312 1543 1475 1621 quoque
1499 1515 1636 1598 versus

163 1670 326 1760 docent,
359 1672 431 1770 qui
456 1670 750 1750 Plataeensium
780 1672 995 1752 transitum
1020 1692 1042 1748 a
1070 1669 1271 1748 Thebanis
1298 1669 1349 1748 ad
1372 1669 1636 1748 Athenienses

165 1827 340 1912 spectare
365 1817 553 1896 videntur
577 1825 629 1916 (v.
653 1825 765 1920 alal:

411 1961 543 2053 οὐδεὶς
567 1967 653 2046 ποτ’
680 1969 819 2060 αὐτοῖς
842 1975 925 2050 τῶν
950 1975 1054 2068 ἐμῶν
1078 1969 1128 2048 ἂν
1154 1971 1314 2065 ἐμπέσοι

411 2114 533 2213 ζῆλος
559 2115 779 2215 amalario,
806 2119 902 2210 ‘vict’
933 2127 1027 2223 ἐμοῦ
1052 2127 1212 2225 τρέφειν
1236 2126 1327 2224 βίᾳτ

162 2289 295 2378 neque
310 2278 509 2359 Boeckhio
526 2280 630 2362 favet
648 2286 733 2382 hic,
759 2292 830 2392 qui
849 2291 961 2372 haud
981 2295 1063 2388 scio
1084 2315 1135 2372 an
1156 2292 1410 2394 proditorum
1429 2260 1635 2369 machinas

164 2429 240 2504 sub
264 2427 391 2509 finem
416 2432 513 2509 belli
539 2447 675 2537 tangat
700 2439 749 2538 (v.
771 2440 906 2540 toan:

420 2587 503 2665 ἀλλ’
533 2589 615 2669 ἔσθ’
641 2590 721 2694 ὅτῳ
749 2594 797 2674 σὺ
823 2597 962 2682 πιστὸς
986 2594 1043 2674 ὦν
1070 2603 1185 2697 ἔδρας
1209 2600 1323 2675 reida:

163 2751 356 2852 Areopagi
396 2765 532 2830 autem
568 2753 728 2851 laudes,
774 2765 877 2862 q'uae
912 2788 947 2839 v.
980 2767 1054 2835 947
1090 2765 1385 2862 praedicantur,
1427 2766 1508 2842 nisi
1545 2767 1635 2866 quis

166 2920 260 2972 cum
294 2896 493 2976 Boeckhio
526 2897 607 3000 jam
642 2919 734 2982 ante
770 2905 835 2984 01.
862 2912 974 2988 XCII
1004 2890 1214 3010 pristinam
1247 2915 1366 2992 illum
1401 2885 1635 3016 potestatem

164 3069 418 3147 recuperasse
452 3053 585 3131 credat
614 3053 688 3151 ³⁴),
726 3059 781 3137 ita
813 3071 972 3137 tantum
1008 3059 1057 3136 ad
1089 3085 1177 3136 rem
1209 3077 1458 3163 praesentem
1490 3061 1635 3142 referre

163 3193 318 3287 licebit,
343 3211 391 3272 ut
415 3199 464 3275 ab
487 3198 645 3298 juniore
667 3206 864 3308 Sophocle
888 3222 979 3306 post
996 3211 1206 3290 Euclidem
1228 3213 1462 3291 archontem
1484 3217 1635 3295 additas

165 3365 251 3419 esse
283 3326 524 3438 statuamus,
558 3375 688 3450 quum
719 3375 742 3434 a
766 3353 924 3443 seniore
952 3359 1139 3460 antiquae
1164 3365 1426 3444 aristocratiae
1453 3389 1634 3446 memore

166 3545 553 3569 *ιιι-ιι...-

232 3670 280 3739 35)
298 3671 364 3727 oet
381 3671 436 3725 Col.
455 3690 479 3726 v.
491 3673 552 3730 700
562 3693 618 3746 sqq.

234 3785 282 3854 54)
303 3789 333 3840 ln
350 3791 480 3856 prooemio
497 3793 550 3844 ind.
567 3794 638 3846 lectt.
654 3793 739 3847 Berob
757 3795 808 3847 bib.
828 3795 900 3852 1876
910 3827 945 3840 -
955 3800 991 3851 Y!
1008 3804 1083 3862 exte,
1106 3803 1150 3869 qui
1167 3807 1252 3854 umen
1268 3797 1295 3855 et
1310 3805 1366 3873 ipse
1384 3805 1541 3858 debilitatem
1559 3806 1634 3876 hujus

164 3880 308 3949 regnanti
324 3883 444 3950 agnoscit
457 3887 485 3936 et
500 3885 596 3952 partim
612 3884 734 3941 cneius
750 3890 778 3940 in
788 3889 921 3943 Niebubrii
937 3892 1028 3944 Rhein.
1044 3891 1111 3943 Ales.
1129 3893 1159 3943 Τ.
1173 3895 1207 3956 ΙΙ,
1225 3913 1251 3963 p.
1261 3897 1381 3966 fflsqq.
1399 3902 1494 3966 partim
1512 3918 1528 3950 a
1539 3900 1634 3953 Fereb-

163 3967 293 4021 tanmem
315 3970 379 4022 adeo
403 3975 529 4028 refutatu
554 3983 606 4040 cst,
632 3985 662 4030 ut
683 3979 732 4033 hoc
749 3987 846 4034 certum
863 3999 918 4034 esse
935 3983 1067 4046 videatur,
1091 3984 1252 4058 Areopagum
1265 3988 1365 4057 judicic
1382 4005 1428 4040 suc
1445 3997 1491 4039 eut
1507 4005 1635 4057 nunquam

163 4061 279 4116 mititte
294 4068 342 4116 eut
357 4062 401 4117 ot
413 4065 496 4120 xciv
512 4069 614 4122 demum
632 4087 813 4138 recuperasse,
842 4089 950 4140 quorum
968 4081 1054 4129 unum
1071 4077 1192 4146 probem,
1217 4081 1268 4134 clio
1286 4083 1342 4135 loco
1360 4085 1424 4134 sotir
1441 4083 1575 4136 declarari

1193 4178 1214 4242 7
