3684 4624
776 379 1054 496 -ει,

173 592 233 680 illi
263 598 440 682 fabulam
471 597 775 702 praeripuisset,
807 594 851 672 in
881 615 961 694 qua
994 609 1067 672 sua
1096 590 1224 692 ipsius
1255 611 1375 672 causa
1405 597 1647 696 periclitatus

113 711 117 720 ι
174 766 294 845 esset,
319 765 368 828 ut
380 749 591 826 mittamus
608 768 662 823 ne
677 744 875 842 integram
893 739 1059 840 quidem
1076 738 1357 857 ampliusrem
1374 738 1516 836 fuisse,
1541 759 1648 846 post·

173 920 297 1002 quam
313 897 376 978 vel
392 908 547 996 partem
567 891 721 972 fabulae
737 887 946 988 injudicio
963 886 1178 988 Sophocles
1193 889 1396 970 recitasset
1410 889 1648 992 hominum·

174 1070 253 1149 que
280 1042 609 1144 exspectationem
634 1037 846 1127 movisset3
882 1056 1005 1136 quam
1030 1036 1064 1112 si
1089 1036 1181 1138 quis
1206 1051 1376 1142 quaerat,
1396 1064 1469 1140 cur
1492 1040 1648 1142 integro

174 1191 440 1295 quadriennio
457 1215 583 1292 nepos
598 1203 782 1270 moratus
798 1186 936 1277 fuerit,
959 1183 1085 1264 facilis
1101 1191 1311 1288 responsio
1328 1199 1405 1282 est,
1427 1192 1649 1272 autturbas

175 1338 306 1417 civiles
324 1338 557 1438 clademque
573 1337 778 1438 publicam
795 1333 1070 1435 prohibuisse,
1096 1339 1319 1436 quominus
1335 1335 1493 1416 fabulae
1508 1339 1650 1419 ordine

173 1504 405 1591 egerentur,
452 1500 534 1568 aut·
561 1485 814 1585 juventutem
852 1483 980 1584 ipsius
1023 1482 1222 1582 effecisse,
1262 1513 1316 1568 ne
1359 1503 1450 1568 ante
1491 1511 1650 1570 annum

172 1641 239 1718 Ol.
256 1644 394 1718 XCIV.
416 1646 441 1710 5
466 1636 528 1714 vel
555 1636 658 1714 vices
683 1636 744 1712 avi
769 1639 815 1738 in
840 1636 1010 1716 theatro·
1022 1653 1186 1739 gereret.
1225 1639 1339 1718 Nihil
1358 1641 1481 1742 igitur
1502 1643 1650 1734 obstat,

172 1785 396 1888 quominus
434 1797 616 1862 veterum
654 1781 818 1858 testium
854 1787 973 1865 verba
1011 1792 1138 1866 secuti
1176 1790 1382 1890 Oedipum
1422 1790 1650 1870 Coloneum

174 1962 195 2018 a
230 1937 426 2040 Sophocle
460 1936 612 2036 majore
644 1935 766 2037 paulo
801 1950 897 2014 ante
927 1954 1103 2018 mortem
1140 1942 1330 2042 scriptam
1366 1954 1405 2018 et
1434 1963 1457 2019 a
1489 1942 1650 2042 minore

173 2088 354 2190 primum
380 2107 522 2164 scenae
541 2085 800 2162 commissam
827 2105 919 2190 esse
935 2073 1178 2180 statuamus3
1208 2090 1308 2190 quid
1330 2104 1530 2191 praeterea
1550 2094 1650 2170 utri·

173 2261 254 2340 que
277 2235 542 2312 tribuendum
563 2234 744 2317 videatur
751 2275 763 2327 ,‹
789 2236 975 2335 superius
1000 2239 1259 2336 exposuimus
1266 2264 1278 2330 3
1306 2238 1530 2316 Thierschii
1555 2261 1648 2326 vero

173 2391 411 2492 opinionem
427 2388 501 2484 ⁷³),
529 2388 599 2487 qui
624 2388 794 2464 omnino
814 2383 993 2462 fabulam
1019 2384 1067 2462 ab
1092 2407 1166 2464 avo
1188 2387 1335 2464 rudem
1357 2398 1396 2462 et
1420 2386 1650 2468 inchoatam

172 2540 374 2622 relicum.
400 2559 423 2614 a
440 2548 586 2635 nepote
607 2535 776 2611 demum
795 2531 1023 2608 absolutam
1042 2544 1081 2606 et
1099 2533 1337 2632 perpolitam
1358 2558 1443 2610 esse
1463 2535 1648 2636 conjecit,

174 2705 493 2765 commemorare
515 2707 639 2783 quam
658 2682 884 2758 examinare
905 2679 1133 2770 malumus,
1153 2701 1211 2756 ne
1227 2680 1272 2755 in
1290 2682 1528 2781 quaerendis
1542 2682 1647 2781 diju-

173 2841 434 2940 dicandisque
453 2836 642 2937 juvenilis*
662 2836 812 2936 ingenii
835 2833 1031 2933 vestigiis,
1057 2854 1159 2932 quae
1183 2831 1251 2910 ille
1271 2833 1647 2939 significavit‘magis

173 3012 298 3090 quam
325 2988 554 3079 declaravit,
578 2998 703 3063 totam
729 2984 909 3064 fabulam
932 2983 979 3060 ab
1005 2982 1161 3080 integro
1186 3004 1418 3082 percurrere
1445 3007 1647 3084 cogamur.

174 3133 278 3212 Mihi
304 3133 492 3234 quidem,
515 3146 563 3208 ut
587 3133 717 3210 dicam
742 3134 853 3234 quod
879 3131 1026 3222 sentio,
1053 3129 1087 3204 si
1111 3130 1211 3230 quid
1231 3130 1376 3210 talibus
1395 3101 1554 3212 indiciis
1578 3138 1646 3211 tri·

171 3288 298 3363 buere
329 3283 441 3376 licet,
471 3283 597 3384 magis
629 3285 872 3384 persuadent
904 3283 974 3382 qui
1003 3305 1143 3358 senem
1166 3283 1326 3381 politam
1353 3299 1577 3384 agnoscunt
1602 3313 1647 3366 er

173 3436 319 3535 Oedipi
353 3434 639 3535 descriptione,
681 3434 796 3534 cujus
832 3436 1007 3536 imagine
1041 3437 1211 3514 omnino
1248 3438 1487 3539 Sophoclem
1520 3443 1647 3524 animi

175 3589 238 3662 sui
258 3585 548 3664 sollicitudines
572 3586 808 3686 expressisse
830 3586 914 3666 veri
936 3586 1198 3664 simillimum
1220 3597 1279 3662 est
1294 3585 1361 3683 ⁷4),
1388 3610 1522 3690 neque
1543 3592 1645 3670 illud

241 3810 288 3878 ⁷5)
305 3812 372 3863 dett.
383 3809 486 3862 Philoll.
496 3809 610 3863 Monere.
620 3809 653 3861 Τ.
662 3807 684 3872 l,
701 3825 727 3879 p.
738 3809 808 3875 te&
832 3812 986 3865 contrariam
998 3809 1149 3863 sententiam
1161 3813 1248 3862 tuetur
1261 3789 1326 3865 God.
1336 3812 1498 3867 Hermaeum
1510 3833 1535 3885 p.
1546 3812 1596 3868 ΣΠ
1608 3833 1644 3884 sq.

242 3903 290 3974 74)
315 3906 354 3958 Gt.
371 3909 398 3958 st
419 3906 547 3959 anticum
570 3922 594 3959 r.
613 3905 766 3974 teresse,
793 3907 839 3960 ulti
861 3907 999 3962 senectutis
1021 3903 1091 3956 malr
1114 3903 1280 3958 viridissimis
1303 3908 1434 3960 coloribus
1457 3911 1644 3980 depinguntur,

171 4000 322 4064 praeterque
345 3993 486 4062 lloepfnsri
511 3995 716 4046 dissertationem
738 3996 856 4064 superius
881 3995 1029 4055 laudatam,
1059 3993 1104 4061 qui
1126 3991 1194 4046 tue
1217 3995 1378 4062 potissimum
1400 3995 1495 4047 locum
1509 3995 1646 4064 diligmtsr

171 4083 295 4134 uestem
312 4078 407 4132 dieitter
422 4079 450 4132 iu
468 4077 586 4131 Sesbodii
603 4077 663 4130 brit.
681 4077 750 4130 Bibl.
769 4077 854 4142 1825,
872 4096 898 4148 p.
912 4077 1002 4142 1069,
1019 4078 1156 4134 Mullorum
1174 4081 1209 4134 ed
1226 4080 1316 4133 berch.
1333 4081 1440 4134 Eumen.
1456 4097 1482 4148 p.
1495 4079 1547 4131 {72
1560 4097 1597 4146 sq.
