3684 4624
766 403 1072 486 ...tta-

181 605 378 691 ¹hactenus
412 611 608 712 disputata
640 625 736 688 sunt
770 614 890 688 unice
927 613 1164 702 direximus,
1203 634 1341 688 earum
1376 573 1510 710 generi
1547 610 1662 686 addi·

188 757 384 847 derimus,
417 786 515 866 quas
549 763 730 860 quamvis
764 762 868 838 varia
903 761 1031 858 specie
1064 783 1304 858 summaque
1336 756 1661 834 ceremoniarum

187 907 406 984 diversitate
438 913 613 986 eimdem
650 937 792 988 omnes
831 911 1044 987 transitum
1080 931 1130 982 ex
1166 909 1293 1006 prisca
1327 906 1577 982 immanitate
1606 903 1661 980 ad

188 1052 368 1127 mitiores
395 1079 599 1131 sacrorum
625 1058 773 1136 formas
800 1059 1021 1161 significare
1039 1071 1114 1133 aut
1136 1057 1358 1154 antiquitus
1378 1055 1569 1131 traditum
1592 1064 1661 1127 aut

186 1199 334 1272 nostris
352 1204 599 1301 temporibus
616 1204 865 1282 intellectum
884 1213 953 1284 cst.
991 1215 1175 1302 Quarum
1193 1209 1284 1282 satis
1302 1191 1499 1305 magnum
1516 1226 1658 1279 nume·

188 1371 282 1422 rum
307 1345 430 1428 suisse
451 1352 512 1430 vel
536 1377 581 1430 ea
607 1356 810 1437 docebunt
835 1359 1032 1458 exempla,
1059 1382 1160 1456 quae
1182 1354 1522 1434 Wachsmuthius
1548 1352 1661 1427 hunc

185 1497 230 1570 in
256 1496 380 1575 finem
402 1504 585 1579 adhibuit
604 1509 687 1600 lli³),
713 1508 941 1608 quibusque
965 1524 1023 1585 tot
1046 1511 1121 1586 alia
1146 1535 1240 1584 cum
1263 1529 1425 1582 summa
1444 1504 1660 1604 probabili·

185 1657 264 1722 tate
286 1649 429 1725 addere
449 1650 583 1727 licebit
603 1653 691 1749 ¹⁶4),
718 1671 766 1730 ut
783 1657 877 1733 inde
898 1659 1065 1734 demum
1085 1669 1285 1755 appareat,
1312 1678 1434 1754 quam
1459 1651 1536 1728 late
1560 1651 1657 1725 olim

185 1795 411 1876 hostiarum
438 1803 712 1882 humanarum
738 1835 861 1884 usum
888 1831 960 1907 per
985 1818 1108 1882 totam
1136 1803 1341 1879 Graeciam
1366 1802 1540 1899 patuisse
1567 1823 1662 1874 con-

185 1959 426 2024 sentaneum
444 1953 511 2042 sit3
535 1979 610 2029 nos
628 1969 782 2046 tamen,
800 1982 852 2032 ne
869 1955 1030 2052 longius
1049 1977 1070 2028 a
1085 1922 1292 2049 proposito
1306 1946 1599 2032 abstrahamur,
1618 1945 1661 2021 in

184 2092 366 2170 duorum
381 2111 538 2176 tantum
553 2107 848 2202 comparatione
865 2106 1148 2192 subsistemus,
1167 2126 1268 2200 quae
1282 2124 1366 2176 non
1382 2098 1516 2176 solum
1530 2101 1666 2198 ipsam

187 2238 457 2325 nefandorum
483 2270 688 2325 sacrorum
712 2252 990 2346 abolitionem,
1017 2255 1065 2332 de
1088 2277 1166 2355 qua
1189 2255 1295 2327 inter
1320 2275 1461 2326 omnes
1489 2263 1658 2338 constat,

186 2399 402 2480 testantur,
440 2417 580 2470 verum
616 2398 735 2474 etiam
774 2399 923 2498 majore
959 2401 1090 2499 aliqua
1126 2396 1390 2472 similitudine
1428 2395 1477 2470 ad
1514 2392 1657 2491 Oedipi

187 2562 249 2614 res
277 2543 463 2618 accedant
486 2546 616 2645 iisque
640 2548 701 2622 vel
727 2548 771 2622 in
798 2548 965 2648 singulis
992 2547 1045 2624 ita
1072 2544 1319 2622 illustrandis
1346 2545 1577 2633 inserviant,
1609 2556 1659 2616 ut

185 2716 571 2743 Qun—*u*—

255 2829 320 2893 tes)
344 2830 411 2882 aen.
429 2832 538 2884 ‚tuem
556 2831 586 2882 r.
599 2834 638 2894 u,
656 2833 685 2883 ν.
700 2835 733 2896 a,
753 2853 779 2902 p.
793 2835 855 2887 aas.

258 2943 324 3011 164)
347 2946 488 2998 sitm-nce
504 2947 612 3014 ttyttol.
630 2947 736 3000 Slsizzeu
758 2967 785 3016 p.
801 2949 868 3001 tlt:
893 2949 934 3000 die
951 2948 1024 3019 Sput-
1039 2965 1090 2998 voa
1108 2944 1339 3016 Mestsclseuopsirn
1356 2943 1443 3012 ditrfic
1460 2943 1502 2992 bei
1518 2941 1564 2992 des·
1579 2940 1658 2992 Arte·

190 3036 239 3086 mis
257 3032 438 3107 ἀπαγχομένη
457 3039 512 3090 und
523 3035 644 3100 α’σκαλὶς
662 3059 694 3092 zu
708 3039 799 3111 finden
817 3059 881 3109 septe
959 3039 1028 3090 diere
1041 3035 1190 3088 Gescbr’clste
1207 3041 1279 3104 trdpt
1296 3033 1337 3084 die
1350 3032 1452 3104 Spmn
1469 3029 1659 3103 alpersbaffler

188 3126 414 3198 Menselteoopl'er,
442 3131 539 3201 prrade
563 3133 612 3183 wie
640 3130 680 3182 die
705 3130 859 3201 Get'ssrltmp
887 3131 933 3180 der
955 3129 1065 3180 anates
1091 3145 1134 3177 aaa
1159 3125 1255 3175 Altare
1285 3125 1330 3176 der
1353 3124 1469 3176 Artemis
1494 3141 1526 3174 aas
1549 3121 1659 3193 sparsa.

189 3219 301 3272 Uscbold
320 3219 408 3273 Gesclt.
427 3224 451 3272 d.
468 3225 560 3293 trojan.
578 3224 669 3295 liriegs
684 3225 796 3294 (sung.
810 3223 888 3279 18³6.
906 3223 934 3288 8)
959 3224 990 3271 de
1008 3228 1080 3281 ceto,
1106 3221 1147 3271 cui
1165 3219 1274 3270 Hesione
1292 3219 1472 3270 Laomedontis
1488 3217 1542 3267 filia
1559 3215 1657 3284 objecta

189 3316 242 3372 est,
259 3329 284 3378 p.
296 3311 348 3364 50:
373 3313 422 3364 wir
439 3315 501 3365 sind
517 3315 563 3366 der
582 3316 794 3387 Ueberzeupnup,
819 3315 880 3386 dass
898 3311 980 3365 dieses
999 3309 1224 3381 Sec-Unpebstser
1242 3311 1284 3359 eiu
1302 3307 1404 3358 namn
1421 3307 1468 3356 der
1488 3306 1598 3356 Teubn-
1613 3323 1656 3375 qe·

190 3421 274 3454 wesen
287 3423 345 3472 sep,
364 3404 432 3463 dein,
448 3407 498 3456 wie
514 3407 569 3458 dein
581 3407 744 3458 Minotaurus
756 3409 809 3478 aus
814 3407 910 3466 Ereta,
927 3403 1141 3474 Meusslteuopser
1152 3399 1324 3471 darpebracbt
1334 3397 1457 3456 werden,
1476 3397 1517 3448 tte
1530 3397 1597 3446 Hm
1605 3397 1613 3412 “
1622 3397 1657 3446 les

190 3491 255 3542 arcels
273 3493 328 3542 dies·
347 3494 415 3545 diere
433 3499 598 3550 barbarisclte
609 3499 676 3550 siste
693 3498 848 3568 abs-rbaffle5
872 3505 898 3549 et
915 3499 946 3548 de
963 3502 1037 3544 tauro
1055 3495 1108 3546 sive
1121 3491 1221 3542 credes
1236 3489 1464 3547 pitellloratbooio
1481 3504 1506 3554 p.
1517 3487 1585 3540 ms
1607 3487 1657 3537 wir

189 3584 252 3634 sind
263 3585 308 3636 der
323 3587 532 3661 Ueberzerspurtp,
551 3590 611 3658 dass
624 3591 707 3642 dieser
718 3589 788 3640 Sator
800 3607 851 3640 von
864 3587 920 3638 dot
933 3583 1108 3652 berfsebtt'pten
1119 3581 1298 3638 Minotaurus,
1318 3579 1374 3627 dem
1385 3577 1524 3628 Mertscbctt
1541 3577 1657 3648 propserl

191 3678 313 3738 worden,
331 3680 400 3731 niele
416 3671 577 3732 versclu'eden
594 3702 652 3750 sep,
671 3681 727 3732 ancl
742 3680 858 3731 beziebeu
877 3679 918 3730 die
931 3676 1000 3744 Sapo
1017 3694 1067 3725 von
1084 3675 1168 3725 scisses·
1181 3669 1461 3741 Gcfartpemseltmtmp,
1479 3687 1508 3718 so
1525 3668 1574 3718 wt'c
1591 3665 1658 3716 arceb

184 3769 246 3841 jeus
262 3789 312 3824 vost
330 3770 380 3821 dett
397 3772 510 3842 Pserdeu
529 3773 572 3824 des
591 3771 753 3824 stratocles
770 3773 870 3843 lt'dm'pr
888 3769 1022 3822 Diomedes
1040 3769 1094 3838 auf
1111 3769 1152 3818 die
1169 3765 1350 3835 Abseltaffimp
1368 3763 1413 3813 der
1429 3761 1656 3831 Menscbsoapser,

191 3885 281 3919 wovon
298 3868 348 3918 tvir
366 3868 457 3917 bereits
472 3868 629 3937 perproebea
645 3867 737 3918 baben.
765 3868 893 3938 Mytlrogr·
905 3867 944 3926 11,
963 3883 989 3932 p.
1001 3863 1037 3916 38
1054 3867 1093 3916 ed.
1106 3865 1192 3916 Bodc:
1213 3862 1303 3912 Palici
1318 3869 1379 3911 sumt
1395 3858 1458 3909 atteri
1475 3859 1552 3928 prasi
1567 3858 1658 3907 itm

191 3961 334 4019 vestiarum,-
363 3956 393 4008 bt'
412 3961 525 4029 primum
546 3959 666 4012 ltuutaut's
688 3960 780 4012 bestiis
801 3960 992 4030 plasmatum,-
1015 3963 1106 4027 plostra
1132 3951 1285 4025 quibusdam
1307 3951 1390 4002 sacris
1414 3948 1529 4019 mitipuli
1550 3956 1610 3998 sunt
1633 3957 1659 3998 et

191 4065 276 4100 comm
293 4051 427 4102 imntutata
444 4050 582 4120 sacrificia.
