3674 4636
768 457 818 474 ..
878 403 940 490 55
998 449 1048 469 ..-

173 642 344 700 asserere
364 622 542 710 tentarit,
568 619 684 719 apud·
698 614 864 694 curiales
885 616 1086 715 primum,
1116 615 1261 693 deinde
1284 616 1503 715 injudicio
1527 619 1641 697 alter·

171 771 368 848 sationem
395 792 492 844 cum
518 763 603 841 filio
633 762 828 839 hahuerit.
868 765 917 837 Et
940 763 1046 839 hanc
1073 764 1239 863 quidem
1264 764 1369 843 viam
1399 764 1516 840 nobis
1544 790 1643 864 quo-

171 941 250 1016 que
276 914 439 1015 probari
467 908 726 1009 profitemur3
766 929 863 983 nam
893 910 1004 1008 quod
1027 909 1214 988 Platnero
1242 910 1395 1010 placuit
1414 910 1485 1009 4⁷),
1517 911 1644 985 curia-

170 1069 275 1144 lium
305 1063 582 1142 auctoritatem
614 1063 659 1137 in
691 1058 891 1136 dementia
922 1059 1101 1138 hominis
1138 1060 1383 1141 testificanda
1416 1064 1645 1164 plurimum

171 1212 358 1301 valuisse,
383 1233 457 1286 nec
476 1206 709 1285 scholiastae
725 1203 854 1280 verbis
874 1208 1107 1305 respondet,
1131 1209 1351 1308 quifilium
1368 1224 1523 1311 patrem
1540 1211 1647 1311 apud

173 1358 339 1436 curiales
362 1356 586 1434 dementiae
610 1355 786 1453 arguisse
810 1355 945 1442 tradit,
972 1370 1012 1428 et
1039 1362 1136 1431 cum
1163 1370 1245 1432 tota
1272 1358 1399 1457 ipsius
1430 1360 1646 1449 sententia,

173 1529 252 1606 qua
292 1507 490 1583 actionem
530 1500 758 1579 dementiae
796 1497 920 1574 fuisse
961 1505 1140 1601 negavit,
1183 1507 1378 1596 concidit3
1405 1467 1646 1584 'Boeckhius

172 1667 308 1731 autem
323 1651 374 1746 48)
395 1649 505 1749 quod
526 1644 696 1745 conjecit
714 1643 819 1734 filio,
850 1658 1067 1748 antequam
1085 1663 1241 1749 patrem
1259 1645 1481 1757 παρὰνοὶας
1497 1654 1647 1754 judicio

172 1808 497 1898 persequeretur,
527 1795 688 1872 veniam
716 1817 738 1870 a
769 1792 985 1870 curialibus
1015 1797 1230 1893 petendam
1259 1795 1403 1891 fuisse,
1441 1802 1489 1879 ad
1519 1802 1646 1879 Plato·

173 1951 358 2026 nicarum
394 1947 531 2046 legum
566 1944 797 2046 exemplum
832 1942 1012 2020 effictum
1046 1957 1106 2021 est
1138 1943 1208 2043 4⁹),
1243 1970 1342 2046 quas
1375 1946 1421 2022 in
1442 1961 1538 2060 ’toto
1569 1947 1648 2024 hoc·

175 2102 300 2202 capite
320 2101 370 2176 de
394 2112 609 2199 parentum
631 2099 720 2198 jure
744 2098 792 2175 ab
815 2096 955 2175 Atticis
976 2093 1168 2170 institutis
1192 2095 1404 2195 insigniter
1428 2096 1648 2196 discrepare

176 2260 329 2325 constat
353 2247 426 2343 30),
463 2261 582 2347 atque
613 2247 667 2322 ita
698 2258 857 2323 tantum
892 2272 986 2322 cum
1019 2258 1148 2322 vetere
1182 2247 1410 2324 narratione
1447 2245 1648 2326 conciliari

171 2409 321 2497 posset,
348 2397 380 2470 si
404 2409 669 2473 statueremus
693 2397 933 2495 Sophoclem
957 2398 1002 2471 in
1028 2396 1226 2493 judicium
1251 2421 1345 2472 cum
1371 2397 1457 2474 filio
1479 2398 1650 2476 omnino

171 2569 259 2621 non
286 2545 554 2632 descendisse,
589 2565 771 2642 quaeque
798 2545 936 2620 Cicero
965 2542 1113 2641 aliique
1138 2543 1246 2639 apud
1271 2542 1423 2640 judices
1451 2559 1534 2621 acta
1566 2568 1650 2620 esse

172 2703 357 2778 narrent,
381 2713 453 2787 per
474 2711 654 2764 errorem
677 2699 837 2762 tantum
861 2686 911 2761 ad
932 2685 1023 2760 illos
1048 2708 1070 2762 a
1095 2687 1313 2763 curialibus
1337 2689 1524 2764 translata
1549 2710 1651 2777 esse;

175 2840 342 2918 curiales
373 2839 504 2928 enim,
536 2861 639 2937 quos
661 2835 905 2934 Iophontem
930 2832 1235 2932 reprehendisse
1260 2832 1471 2910 scholiasta
1498 2845 1651 2924 narrat,

174 2988 387 3067 accusandi
423 2986 580 3063 veniam
614 2982 792 3083 profecto
826 3005 912 3057 non
947 2977 1158 3054 dedissent.
1218 2983 1380 3054 Verum·
1410 2981 1521 3056 enim
1558 3004 1652 3058 vero

175 3135 308 3211 omnis
338 3133 436 3208 haec
470 3129 714 3229 conjectura,
748 3153 827 3230 qua
855 3127 973 3205 nobis
1003 3127 1227 3204 Boeckhius
1261 3128 1504 3229 Sophoclem
1532 3131 1651 3208 Oedi·

173 3305 276 3380 pum
309 3301 425 3355 suam
457 3278 502 3351 in
540 3275 690 3375 judicio
725 3273 960 3354 recitantem
993 3299 1158 3375 prorsus
1194 3275 1345 3375 eripere
1383 3290 1567 3366 conatur,
1607 3276 1650 3350 in

242 3602 291 3672 47)
308 3600 413 3653 Procel's
429 3600 482 3649 und
500 3597 601 3669 ergen
617 3596 661 3674 hei
678 3598 728 3648 den
745 3597 864 3650 Altilrern
880 3599 911 3650 Τ.
924 3601 963 3665 11,
981 3617 1008 3671 p.
1019 3600 1083 3654 245.

243 3723 292 3792 48)
314 3724 345 3774 ln
360 3721 490 3791 prooemio
513 3720 566 3771 ind.
582 3719 652 3773 lectt·
670 3719 755 3773 Berol.
773 3719 825 3772 hih.
845 3719 915 3772 ¹825
931 3744 966 3758 -
984 3715 1038 3778 28,
1061 3714 1120 3785 μθ
1142 3723 1168 3768 ct
1184 3718 1211 3768 in
1228 3717 1361 3772 Nielutrii
1378 3719 1466 3773 llhein.
1484 3722 1549 3775 ltus.
1573 3723 1602 3776 Τ.
1622 3725 1650 3784 1,

176 3833 203 3884 r·
220 3811 322 3882 55rar·

244 3932 295 4002 aa)
312 3931 392 4004 legg.
403 3931 455 3995 xl,
472 3947 499 3999 p.
510 3929 567 3984 929
577 3930 609 3982 Ι).

246 4049 297 4119 50)
315 4051 354 4101 Cf.
366 4050 433 4118 disp.
451 4049 483 4100 de
495 4047 555 4118 jure
572 4047 712 4100 domestico
730 4052 757 4099 et
773 4047 893 4098 familiari
910 4045 980 4112 apud
992 4043 1125 4096 Platonem
1141 4046 1169 4098 in
1180 4045 1292 4118 Legibus
1309 4047 1402 4117 (Mul.
1414 4047 1492 4102 1856.
1506 4048 1553 4116 ll),
1571 4064 1597 4118 p.
1610 4049 1652 4101 aa.
