3674 4636
769 394 1045 482 ...15-

167 610 236 686 sed
268 610 474 708 quomodo
502 606 668 682 tandem
696 603 841 703 Oedipi
876 602 993 702 culpa
1017 603 1263 703 apparuerit,
1301 626 1434 706 neque
1460 607 1643 708 Hyginus

166 757 280 836 docet
316 779 450 857 neque
484 752 711 852 conjectura
746 751 969 851 quidquam
1004 753 1178 853 amplius
1212 754 1369 853 assequi
1403 779 1643 853 possumus,

164 926 287 1004 <peram
309 904 419 1002 quod
437 903 482 976 in
499 900 709 1001 propatulo
728 911 808 990 est,
834 912 882 974 ut
898 926 969 1000 per
986 903 1149 980 eosdem
1165 902 1249 1002 Laji
1268 901 1432 978 comites
1449 901 1642 980 famulos·

164 1075 244 1150 que
268 1047 419 1126 sactum
446 1050 514 1138 sit,
539 1073 641 1147 quos
662 1070 835 1147 poenam
862 1050 909 1128 ab
937 1071 985 1124 eo
1011 1050 1204 1128 sumsisse
1229 1073 1350 1151 supra
1370 1052 1641 1151 cognovimus.

231 1251 235 1262 ,
263 1198 404 1294 Neque
421 1208 556 1272 tamen
574 1194 684 1272 hisce
700 1194 852 1272 finibus
870 1199 1199 1276 circumscribere
1214 1222 1291 1280 nos
1307 1203 1512 1302 Euripidis
1530 1201 1643 1293 fabu-

165 1347 246 1424 lam
277 1346 340 1423 vel
368 1347 534 1446 Hygini,
569 1347 930 1448 quantulacunque
961 1345 1030 1436 sit,
1066 1348 1296 1439 auctoritas,
1330 1350 1392 1425 vel
1419 1355 1644 1450 argumenti

162 1510 323 1587 natura,
347 1497 408 1574 vel
425 1495 767 1604 fragmentorum,
789 1520 892 1597 quae
909 1493 1041 1571 adhuc
1057 1509 1224 1587 restant,
1243 1498 1464 1578 multitudo
1481 1505 1642 1600 patitur.

163 1645 346 1742 Hyginus
373 1643 502 1732 enim,
526 1655 575 1718 ut
598 1640 676 1718 hoc
701 1643 882 1744 primum
906 1655 1091 1732 utamur,
1116 1644 1161 1717 in
1186 1645 1274 1746 ipso
1299 1671 1462 1747 quoque
1486 1647 1644 1732 fabulae

164 1791 283 1881 exitu,
303 1789 395 1867 licet
408 1791 452 1866 in
467 1789 611 1889 Oedipi
626 1814 720 1868 casu
734 1792 996 1870 describendo
1014 1816 1034 1870 a
1050 1791 1245 1892 Sophocle
1261 1795 1436 1893 pendere
1452 1796 1643 1890 videatur,

163 1935 230 2014 illa
253 1950 386 2014 tamen
412 1938 627 2038 peculiaria
653 1937 791 2032 habet,
823 1947 934 2040 quod
959 1959 998 2022 et
1023 1969 1161 2022 senem
1188 1944 1325 2037 illum,
1362 1947 1425 2023 cui
1452 1921 1642 2046 parvulus

164 2089 265 2170 olim
286 2092 467 2190 Oedipus
489 2095 751 2194 exponendus
775 2095 942 2172 traditus
968 2091 1111 2186 fuerat,
1137 2093 1288 2194 quique
1312 2092 1392 2191 jam
1418 2117 1465 2170 ex
1490 2098 1642 2195 pedum

163 2251 324 2318 tumore
351 2255 390 2317 et
414 2243 663 2321 cicatricibus
690 2246 866 2324 talorum
893 2245 977 2344 Laji
1002 2244 1134 2321 filium
1161 2268 1246 2320 esse
1274 2245 1449 2344 agnovit,
1474 2247 1643 2326 nomine

165 2391 335 2492 appellat
355 2395 565 2471 Itemalem
582 2393 655 2492 ⁵⁰),
688 2395 803 2496 curius
827 2395 935 2496 apud
962 2393 1202 2493 Sophoclem
1227 2394 1438 2493 vestigium
1461 2396 1642 2489 nullum,

232 2665 280 2733 50)
297 2665 395 2720 Nomen
412 2673 560 2734 corruptum
577 2665 732 2720 Welelseros
749 2684 775 2735 p.
785 2665 842 2718 101
859 2668 887 2716 in
903 2660 1056 2733 Ἡγέμαλον
1073 2665 1222 2716 mutandum
1241 2671 1340 2728 censet,
1358 2671 1388 2717 ut
1405 2665 1532 2736 signilieet
1542 2669 1645 2738 peeoris

166 2758 255 2811 ἆιιιιιιι
276 2757 310 2810 ab
333 2775 363 2810 eo
387 2761 455 2826 qood
480 2765 519 2811 est
542 2755 649 2827 μῆλον,
676 2759 745 2811 band
768 2758 893 2820 absurde,
919 2759 1044 2828 siquidem
1068 2763 1198 2827 pastorem
1221 2759 1301 2810 fuisse
1324 2764 1424 2810 constat
1447 2777 1478 2809 ex
1495 2739 1561 2811 Oed.
1582 2761 1644 2828 Tyr.

164 2869 188 2905 v.
202 2849 287 2914 1118,
304 2856 382 2918 etque
398 2853 500 2904 omino
517 2851 628 2904 omnium
645 2868 733 2904 eorum
750 2853 867 2912 nemina,
886 2851 931 2919 qui
946 2849 1060 2917 aliquam
1071 2850 1166 2918 Oedipi
1182 2852 1256 2918 pueri
1273 2867 1361 2902 ciuem
1377 2856 1526 2922 gesserunt,
1545 2853 1579 2904 ab
1597 2853 1646 2909 bon

164 2946 232 2996 vitae
245 2961 341 3015 genere
359 2943 476 2995 desumto
491 2945 621 3004 videmus3
640 2960 717 3011 quam
733 2946 760 2994 io
773 2960 828 2994 rem
840 2959 890 2994 non
903 2959 1008 3011 possum
1020 2944 1080 3011 quin
1093 2943 1262 2994 transcribam
1274 2941 1407 2995 Panoilsae
1424 2944 1500 2996 verba
1518 2961 1549 2995 ex
1559 2945 1644 2997 Anne·

164 3039 232 3092 libne
251 3041 314 3090 lust.
332 3039 463 3092 Archaeol.
481 3038 511 3090 Τ.
523 3039 585 3100 Vll,
602 3056 627 3106 p.
639 3039 692 3100 79,
709 3038 753 3090 ubi
770 3041 796 3090 in
814 3035 980 3090 describendo
996 3036 1101 3089 vasculo
1117 3038 1204 3104 picto,
1223 3037 1293 3105 quod
1307 3038 1407 3104 pastori
1426 3038 1545 3106 Sicyonio
1564 3039 1643 3092 Oedi·

163 3147 227 3198 prm
243 3131 378 3199 puerulum
395 3132 430 3181 ad
445 3131 573 3200 Polybum
589 3148 676 3203 regem
693 3133 815 3184 deserenti
832 3149 923 3184 nomen
942 3126 1103 3201 Εὔφορβος
1118 3135 1277 3202 adscriptum
1293 3131 1411 3195 exbibet,
1427 3139 1564 3202 postquam
1576 3134 1644 3188 laune
1695 3120 1700 3126 Ι

165 3226 273 3277 eunden
296 3242 351 3276 esee
374 3226 487 3285 monuit,
514 3241 589 3294 quaem
605 3224 781 3278 Pborbaatem
802 3226 819 3276 i.
838 3243 859 3278 e.
885 3228 1037 3279 nutritorem
1054 3228 1167 3295 appellet
1184 3213 1279 3278 Seneca
1303 3228 1331 3276 in
1348 3227 1449 3294 Oedipo
1472 3243 1495 3278 v.
1514 3225 1582 3287 855,
1606 3227 1643 3277 ita

163 3316 266 3388 pergite
293 3314 383 3366 L’e‘de'e
408 3315 445 3367 dee
466 3323 592 3387 perteue,
617 3317 664 3386 qui
677 3320 772 3388 par-art
789 3317 864 3367 avoir
881 3316 966 3371 ἄιιιιιὲ
985 3321 1037 3372 lieu
1053 3339 1089 3372 eu
1106 3339 1165 3372 nom
1183 3314 1344 3388 Εὔφορβος
1359 3337 1429 3390 pour
1445 3318 1573 3378 liemare,
1599 3321 1646 3390 qui

162 3420 238 3484 porte
257 3409 358 3481 Oedipe
375 3409 443 3462 dans
460 3429 501 3463 ees
519 3411 597 3470 trae,
622 3428 650 3461 se
667 3419 785 3464 retrom
809 3410 876 3464 dans
895 3413 1029 3484 plusr'eure
1046 3423 1134 3466 aerim
1148 3430 1341 3486 personnapee‚
1367 3415 1413 3484 qui
1428 3421 1472 3464 out
1489 3430 1520 3462 eu
1537 3413 1594 3464 eoin
1612 3411 1643 3462 de

165 3501 320 3554 t’tduearton
338 3501 374 3554 du
388 3504 481 3573 prisce
497 3500 618 3563 Μαίης
644 3503 716 3553 ainsi
731 3501 831 3554 Suedas
848 3507 953 3577 appelle
969 3507 1141 3559 Meloilree
1159 3509 1183 3559 le
1198 3525 1322 3579 pagena,
1346 3508 1392 3577 qui
1407 3515 1524 3577 emposta
1542 3503 1643 3577 Oedrpe

165 3595 201 3646 der
224 3605 296 3646 moret
314 3593 437 3646 cabiren
461 3601 486 3645 ei
508 3612 536 3647 ee
560 3593 672 3665 eleaeyen
695 3592 727 3646 de
747 3612 796 3646 eon
813 3593 964 3650 eductione
993 3600 1018 3650 le
1034 3601 1076 3650 roi
1093 3598 1124 3650 de
1144 3597 1265 3651 Corintbe
1282 3600 1328 3670 qui
1344 3598 1439 3670 adepte
1457 3596 1559 3669 Oedipe
1572 3615 1642 3670 pour

163 3686 225 3758 file,
247 3689 348 3759 portui!
366 3688 390 3738 le
406 3705 466 3740 ιιιιιι
485 3686 516 3739 de
532 3687 702 3756 Polym,
725 3697 750 3739 et
766 3706 814 3740 sore
831 3693 942 3761 ipsum,
966 3693 1029 3746 eila
1047 3693 1130 3764 quelle
1143 3681 1244 3763 Oedipo
1261 3677 1317 3744 doti
1333 3709 1381 3744 son
1397 3692 1483 3752 solut,
1500 3690 1643 3763 siappelait

164 3777 340 3829 Periboea.
366 3778 445 3847 Apud
456 3779 607 3847 Sophoclem
619 3785 705 3831 tmen
716 3780 806 3832 borum
821 3785 952 3836 nominum
962 3789 1065 3852 praeter
1077 3783 1204 3852 Polybum
1217 3785 1317 3836 nullum
1327 3785 1438 3856 legitur,
1456 3801 1581 3851 quamque
1594 3783 1641 3836 elii

163 3869 326 3932 Periboem,
351 3873 407 3940 ipse
423 3869 548 3941 Meropen
564 3871 679 3939 appellnt
696 3871 730 3938 (v.
741 3872 807 3938 981)
814 3910 823 3934 ,
848 3877 919 3942 quoa
935 3893 1042 3930 nornen,
1066 3875 1184 3942 plurimi·
1200 3875 1296 3928 fabulis
1312 3893 1461 3938 commune,
1485 3877 1640 3944 peculiarem

164 3965 335 4036 significatum
359 3967 458 4019 nullom
482 3965 573 4028 lubety
598 3967 631 4018 ef.
649 3966 795 4020 Welclrer's
818 3967 929 4037 aembyl.
949 3969 1065 4038 Trilogie
1089 3987 1114 4036 p.
1131 3968 1186 4022 iiiiii
1210 3973 1236 4020 et
1253 3968 1414 4022 Schwenok’s
1438 3967 1639 4038 mythologisebe

164 4057 270 4112 stirace
292 4076 319 4128 p·
339 4058 386 4112 18ι
415 4059 471 4112 Der
487 4058 572 4112 Name
597 4059 643 4114 der
659 4059 765 4132 Merope
787 4059 870 4131 findet
887 4058 942 4116 niel«
965 4057 1032 4112 arcels
1049 4061 1077 4110 ιἰι
1094 4058 1195 4112 andern
1211 4058 1328 4118 Fater»,
1357 4059 1421 4112 abne
1439 4059 1500 4128 doss
1516 4059 1565 4110 wir
1582 4059 1638 4110 eine
