3674 4636
764 395 1045 484 '459-

164 609 343 694 veterrun
376 613 620 703 testimonia,
652 632 754 714 quae
787 611 908 688 etiarn
941 612 1180 692 arctioribus
1212 611 1363 690 finibus
1387 611 1491 692 hanc
1519 635 1639 716 quae-

164 765 335 842 stionem
366 763 604 854 includunt3
645 761 712 839 illa
744 761 856 840 enim
888 757 1154 838 ratiocinatio
1173 776 1328 840 tantum
1363 765 1472 840 abest
1507 776 1556 837 ut
1591 765 1642 842 ad

163 929 313 992 certam
344 939 420 991 nos
446 925 611 991 aetatem
638 911 798 1012 dirigat,
832 922 879 986 ut
902 910 1041 1008 viginti
1068 910 1193 986 trium
1220 903 1424 986 annouun
1450 879 1654 1007 campum¹

164 1065 331 1166 aperiat,
364 1065 471 1143 intra
495 1065 597 1165 quos
621 1063 759 1140 locum
785 1057 941 1140 fabulae
966 1069 1126 1141 nostrae
1151 1085 1390 1164 quaeramus
1407 1061 1463 1157 6);
1494 1073 1643 1138 veteres

164 1225 300 1289 autem
319 1226 497 1290 auctores
515 1213 548 1288 si
566 1211 773 1303 audimus,
790 1211 841 1288 ad
855 1229 1071 1295 extremam
1088 1218 1228 1316 poetae
1243 1227 1490 1292 senectutem
1507 1213 1643 1289 remit·

165 1359 293 1436 timur
309 1361 358 1458 ⁷),
384 1385 508 1461 quem
531 1361 696 1438 tradunt
714 1361 796 1437 fere
813 1363 1151 1460 nonagenarium,
1178 1387 1309 1460 quum
1328 1386 1349 1438 a
1364 1360 1458 1438 filiis
1476 1363 1643 1438 demen-

165 1508 242 1586 tiae
264 1523 516 1609 argueretur,
544 1509 749 1609 Oedipum
776 1508 1022 1597 Coloneum,
1049 1529 1172 1612 quam
1197 1507 1241 1582 in
1266 1507 1458 1584 manibus
1482 1506 1646 1585 haberet

165 1669 206 1733 et
221 1658 403 1756 proxime
424 1655 661 1756 scripsisset,
687 1651 889 1752 judicibus
906 1657 1090 1734 recitasse
1114 1671 1154 1733 et
1175 1658 1394 1758 quaesisse,
1421 1682 1524 1734 num
1543 1657 1646 1735 illud

167 1823 329 1879 carmen
348 1801 577 1901 desipientis
591 1801 792 1878 videretur
809 1799 863 1896 8);
885 1805 1108 1906 eodemque
1127 1809 1248 1885 etiam
1262 1808 1495 1885 scholiastae
1511 1829 1644 1906 nuper

167 1974 214 2028 ex
231 1951 366 2030 codice
382 1951 616 2027 Florentino
635 1949 804 2048 evulgati
822 1953 999 2029 narratio
1018 1955 1227 2045 conducit,
1254 1956 1325 2056 qui
1343 1955 1448 2032 hanc
1466 1953 1646 2032 fabulam

167 2100 435 2202 quadriennio
453 2100 634 2177 'demum
665 2109 756 2198 post
786 2097 925 2198 poetae
957 2099 1085 2201 ipsius
1110 2070 1285 2179 mortem
1312 2104 1359 2181 ab
1388 2102 1474 2203 ejus
1500 2101 1647 2204 nepote

169 2255 410 2354 cognomine
442 2255 639 2331 Aristonis
677 2255 762 2331 filio
799 2257 943 2332 scenae·
971 2251 1230 2327 commissam
1266 2276 1351 2329 esse
1388 2254 1572 2353 perhibet
1598 2251 1644 2354 9).

170 2405 283 2498 Quae
314 2430 444 2504 quum
470 2404 524 2480 ita
550 2404 649 2492 sint,
682 2401 793 2482 haud
821 2406 972 2481 scimus
999 2427 1051 2482 an
1076 2405 1218 2484 multis
1244 2411 1432 2484 universa
1457 2387 1520 2482 res
1547 2407 1646 2486 adeo

169 2552 322 2653 liquida
354 2575 398 2629 ac
432 2565 637 2651 comperta
669 2577 768 2638 essex
786 2554 987 2644 videatur,
1019 2568 1068 2628 ut
1090 2555 1272 2652 longiore
1296 2556 1646 2652 'argumentatione

169 2703 232 2778 vir
257 2698 451 2800 indigeat,
483 2722 618 2800 neque
643 2721 731 2790 eos,
765 2700 799 2774 si
831 2723 894 2775 res
926 2699 1079 2800 integra
1105 2711 1321 2799 spectetur,
1357 2712 1506 2776 temere
1531 2721 1646 2800 agere

171 2853 437 2942 arbitramur3
476 2876 553 2928 nos
585 2863 722 2930 tamen
754 2859 815 2944 utx
830 2849 1017 2952 pluribus
1043 2849 1163 2931 etiam
1191 2847 1240 2926 de
1266 2847 1340 2926 hac
1367 2870 1484 2927 causa
1511 2849 1670 2951 dispu·'

239 3126 271 3194 6)
290 3125 441 3193 Sophoclem
457 3132 586 3177 mortuum
603 3143 658 3179 erse
675 3143 741 3179 anno
759 3125 802 3180 01.
815 3127 939 3180 XCIlbb
956 3145 998 3180 ::
1014 3126 1075 3182 406
1086 3143 1110 3178 ι.
1123 3125 1183 3180 etr.
1203 3128 1265 3178 satia
1282 3132 1398 3190 constan
1416 3128 1447 3180 cf.
1459 3126 1564 3180 Diodor.
1576 3127 1647 3180 xllt.

173 3219 231 3275 105
247 3227 274 3273 et
290 3219 447 3272 Sclrultalnm
463 3220 482 3270 l.
495 3237 516 3272 c.
534 3238 559 3288 p.
573 3220 634 3273 154.
717 3221 719 3225 ’

241 3315 271 3384 7)
294 3316 351 3367 vul.
368 3313 435 3368 ttax.
452 3314 519 3366 vltl.
537 3313 571 3392 7,
594 3318 644 3394 ext.
663 3313 710 3366 122
749 3316 901 3385 -soptoeln
925 3338 1025 3389 quoqne
1053 3308 1194 3391 gloriosum
1216 3336 1274 3371 cnm
1298 3335 1384 3370 rerum
1406 3323 1497 3368 natura
1520 3325 1648 3372 certamen

172 3411 263 3464 babuit
279 3415 335 3462 lun
356 3405 466 3480 benigne
481 3407 591 3460 mirifica
607 3407 647 3460 illi
664 3427 742 3478 opera
760 3425 806 3462 sua
824 3409 980 3474 exbilrendo',
1009 3428 1085 3480 pram
1101 3409 1148 3461 illa
1164 3410 1284 3481 operibus
1303 3411 1358 3480 ejus
1374 3416 1490 3480 tempora
1507 3411 1649 3466 liberaliter

174 3505 398 3557 subministrando.
432 3502 517 3571 Prope
541 3503 608 3554 enim
632 3504 797 3554 centesimum
814 3519 908 3555 annum
926 3507 1028 3578 attigit,
1053 3505 1101 3557 rub
1118 3507 1203 3575 ipsum
1220 3507 1356 3556 transitum
1373 3507 1408 3556 ad
1424 3512 1532 3558 mortem
1549 3506 1648 3578 Oedipo

174 3595 284 3654 Colonen
302 3594 422 3668 scripta·
461 3589 464 3596 ¹
706 3591 709 3594 ’
1123 3583 1125 3588 ’

242 3693 272 3761 8)
289 3693 342 3745 Cic.
354 3691 387 3744 de
398 3689 496 3744 Seneet.
514 3708 535 3743 c.
546 3689 581 3753 a,
605 3691 672 3744 Plut
686 3694 719 3745 de
733 3691 831 3762 republ.
842 3695 896 3746 aeni
908 3695 962 3764 ger.
980 3707 1003 3742 e.
1013 3689 1047 3752 ὅς
1072 3689 1173 3743 bucian.
1185 3689 1299 3742 ldaerob.
1317 3707 1339 3743 c.
1352 3690 1405 3753 243
1428 3691 1523 3761 Appnl.
1538 3693 1647 3764 Apolog.

193 3787 277 3842 ,Μ
438 3791 442 3798 “
473 3789 476 3794 ’
534 3789 537 3798 ’
1016 3823 1019 3832 ‚

172 3807 192 3860 P
243 3883 274 3950 a)
290 3882 331 3933 Ex
348 3883 429 3950 copiis
440 3881 610 3943 Victorianir,
628 3897 693 3948 quae
704 3881 831 3935 attracta
843 3887 1020 3943 comuntur,
1037 3881 1136 3949 primns
1152 3881 1235 3932 edidit
1247 3880 1410 3934 Tblerselriur
1427 3882 1453 3930 in
1465 3881 1532 3932 Actt.
1544 3877 1648 3933 Philoll.

173 3977 286 4030 Monate.
305 3977 336 4028 Τ.
348 3979 368 4041 Ι,
387 3994 413 4045 p.
424 3973 493 4038 ὅθς
509 3993 568 4028 mox
579 3993 611 4028 ex
621 3977 686 4045 ipris
698 3973 852 4030 membranis
863 3973 1039 4028 laurentianis
1050 3973 1187 4044 Elmslejur
1199 3975 1226 4025 in
1238 3975 1348 4028 editione
1359 3991 1421 4038 aare,
1440 3970 1607 4026 Oxou-1823.
1620 3970 1648 4032 8,

174 4074 242 4125 nude
257 4071 355 4141 recepit
371 4072 522 4128 Wuntms
538 4086 564 4140 p.
578 4070 620 4123 Β
