3684 4624
785 382 1095 467 -111-

306 601 416 690 Quae
449 619 578 693 quum
613 593 665 672 ita
699 596 799 682 siut,
831 607 970 670 nostro
1000 592 1087 689 jure
1121 607 1291 670 statuere
1321 597 1440 672 nobis
1471 597 1684 689 videmur,

202 745 351 844 priscos
370 743 553 820 Boeotiae
573 741 746 831 incolas,
772 765 874 839 quos
896 764 942 816 ex
964 742 1048 841 ipsa
1066 740 1249 819 locorum
1268 759 1412 820 natura
1430 745 1682 844 religionum

202 917 371 972 suarum
389 889 561 997 formam
581 891 726 966 ducere
743 911 903 964 necesse
921 904 1021 981 erat,
1044 905 1195 968 tantam
1215 891 1399 990 paludosi
1417 894 1517 970 situs
1537 897 1681 970 crassi-

200 1062 281 1140 que
297 1038 398 1114 airis
414 1038 510 1113 inde
529 1039 692 1113 oriundi
707 1038 776 1134 11111)
793 1040 874 1114 vim
891 1041 933 1114 in
952 1044 1185 1142 pestilentiis
1203 1043 1371 1143 aliisque
1389 1045 1680 1122 calamitatibus

201 1203 380 1287 expertos
400 1212 484 1264 esse
505 1188 587 1284 151),
613 1202 661 1263 ut
677 1189 816 1278 timor,
843 1191 953 1265 unde
970 1191 1122 1288 primos
1144 1192 1188 1266 in
1212 1192 1308 1266 orbe
1327 1193 1420 1267 deos
1442 1207 1559 1268 natos
1580 1195 1678 1269 diri·

200 1365 294 1416 mus
310 1337 371 1438 (cl.
386 1352 468 1412 not.
480 1337 561 1433 98),
580 1337 629 1413 ad
646 1338 759 1413 nulla
776 1340 902 1438 magis
920 1363 1041 1438 quam
1061 1342 1257 1416 terrestria
1275 1341 1340 1416 illa
1358 1344 1550 1433 numina,
1575 1367 1682 1443 quae

201 1486 385 1584 superius
405 1484 684 1582 cognovimus,
703 1483 870 1559 colenda
887 1509 955 1560 eos
973 1487 1210 1585 impelleret,
1229 1499 1347 1586 atque
1363 1487 1482 1562 etiam
1498 1488 1530 1562 si
1548 1503 1682 1586 poste-

200 1639 305 1716 riore
326 1647 449 1712 aetate
475 1632 555 1706 sive
580 1631 665 1730 ipsa
689 1654 730 1707 re
751 1643 915 1729 cogente
933 1634 1013 1708 sive
1031 1637 1077 1710 ab
1097 1635 1268 1709 externis
1287 1634 1446 1710 advenis
1463 1633 1589 1710 edocti
1606 1633 1680 1729 152)

200 1771 375 1884 paludes
394 1779 587 1854 exsiccare
613 1778 835 1875 noxiosque
861 1803 1025 1878 vapores
1050 1781 1266 1879 reprimere
1290 1779 1531 1877 coepissent,
1557 1807 1682 1881 prop-

201 1945 261 2006 ter
283 1929 451 2005 eandem
476 1949 654 2016 causam,
679 1927 877 2024 quidquid
900 1929 1044 2005 deinde
1069 1929 1269 2004 malorum
1293 1928 1553 2027 publicorum
1571 1945 1683 2030 pate-

202 2090 362 2162 rentur,
389 2075 438 2148 ad
461 2073 625 2146 illorum
646 2073 869 2148 numinum
888 2075 990 2150 iram
1014 2077 1213 2167 retulisse,
1240 2080 1474 2176 praesertim
1493 2079 1527 2152 si
1544 2079 1683 2180 aliqua

204 2248 361 2324 semper
384 2221 626 2319 tempestatis
650 2222 839 2320 iniquitas
864 2240 1104 2318 remaneret,
1130 2228 1240 2304 unde
1262 2220 1426 2306 iteratas'
1444 2229 1531 2306 lues
1557 2233 1684 2308 etiam

204 2394 294 2458 tum
317 2372 413 2449 oriri
440 2383 756 2486 consentaneum
781 2389 884 2451 esset
900 2372 984 2470 1115);
1010 2373 1073 2449 his
1101 2387 1235 2450 autem
1262 2374 1400 2474 positis
1427 2376 1563 2452 omnia
1587 2378 1680 2450 vin-

205 2537 592 2563 Wh—

237 2697 240 2704 ,
273 2635 339 2703 lto)
367 2634 488 2686 Crassum
512 2630 658 2683 Tlseltarum
680 2631 778 2683 eoelum
802 2635 879 2684 etium
902 2637 1043 2703 posteriore
1066 2640 1149 2686 aetate
1171 2641 1298 2686 testentur
1321 2636 1409 2687 Cicero
1432 2637 1464 2688 de
1481 2637 1546 2689 Fato
1568 2639 1631 2690 el
1653 2647 1684 2691 et

204 2733 292 2784 llnrat.
309 2729 392 2796 Epist
408 2727 442 2778 ll.
462 2725 485 2775 1.
503 2723 568 2774 111.
1217 2785 1220 2795 Ι

274 2825 336 2890 llil)
354 2823 409 2872 lloe
426 2826 482 2880 est,
498 2821 548 2869 nisi
565 2819 656 2882 fallor,
675 2823 744 2887 quod
760 2822 933 2888 Apollodorus
950 2825 1053 2870 namet:
1075 2813 1204 2886 φρουρῶν
1221 2819 1251 2870 δὲ
1269 2817 1318 2886 τήν
1333 2818 1433 2887 κρήνην
1450 2819 1559 2887 δράκων
1565 2856 1574 2889 ,
1595 2812 1629 2874 ὃν
1646 2821 1684 2882 ἐξ

197 2913 293 2990 Ἄρεως
310 2913 388 2968 εἶπόν
404 2929 473 2973 τινες
492 2911 649 2981 γεγονέναι,
670 2913 736 2974 τούς
754 2913 886 2975 πλείονας
904 2911 959 2968 τῶν
974 2912 1157 2980 πεμφθέντων
1173 2911 1348 2980 διέφθειρεν,
1368 2913 1555 2980 videndumque
1571 2931 1603 2964 ne
1620 2917 1685 2982 ipss

206 3016 252 3066 ills
270 3015 419 3078 Spar-torum
437 3010 538 3068 eludes,
562 3024 626 3073 quus
645 3008 763 3060 ‹lrscuuis
779 3026 866 3060 necem
882 3010 998 3077 proxime
1017 3012 1103 3058 secula
1120 3023 1175 3057 esse
1192 3007 1300 3066 dieitur,
1322 3007 1415 3057 veteris
1431 3005 1539 3074 alicujus
1557 3009 1684 3074 pestilen-

205 3110 256 3158 tiae
274 3103 421 3154 memoriam
439 3101 573 3151 contineat.

275 3198 337 3262 tta)
362 3195 497 3245 Phoenices
516 3197 597 3251 certe,
616 3193 683 3242 unde
700 3190 813 3242 Cadmus
831 3192 976 3246 'l'lielterum
994 3194 1111 3244 eonditor
1128 3191 1253 3261 originem
1270 3191 1372 3241 duxisse
1388 3192 1485 3252 fertur,
1503 3190 1579 3259 liujus
1595 3193 1684 3259 ipsius

205 3291 308 3345 artificii
331 3285 499 3356 peritissimos
522 3281 601 3331 sulsse
625 3298 730 3347 eumque
752 3301 855 3350 opernm
874 3287 950 3336 etium
969 3285 1074 3337 Graecis
1091 3285 1274 3351 antiquissimis
1291 3285 1386 3350 possim
1402 3286 1576 3350 praestitisse,
1602 3286 1683 3336 Bost-

205 3386 288 3454 tigero
307 3380 346 3446 (in
364 3375 495 3426 Arusltlren
514 3375 544 3426 T.
558 3375 596 3434 ll,
614 3391 640 3440 p.
652 3371 719 3439 516)
736 3374 812 3426 facile
829 3377 971 3438 eredimus,
996 3393 1077 3443 usquc
1095 3375 1228 3426 eonsilium
1246 3376 1314 3440 quosl
1331 3373 1444 3444 Minerva
1462 3374 1559 3426 memo
1578 3377 1683 3429 deense

206 3476 334 3528 ferebatur
355 3470 397 3537 (et'.
415 3475 467 3520 not.
484 3467 548 3532 115)
572 3468 606 3516 sil
628 3466 734 3516 condem
757 3484 878 3520 novorum
901 3470 1049 3520 colonorum
1074 3469 1214 3520 sollertium
1237 3469 1332 3516 referre
1356 3467 1516 3528 neomutus,
1542 3481 1605 3532 quos
1630 3469 1686 3518 etsi

207 3567 323 3634 superius
348 3562 410 3629 (not.
428 3560 475 3625 76)
500 3560 596 3610 Oneum
622 3575 707 3609 secum
729 3559 846 3608 attulisse
869 3561 1032 3630 negavimus,
1055 3561 1129 3610 facile
1152 3563 1238 3608 tamen
1258 3557 1315 3608 lieri
1331 3563 1447 3624 poterat,
1473 3563 1502 3606 ut
1519 3559 1597 3608 etism
1613 3557 1685 3607 enti-

208 3659 282 3727 quius
300 3655 384 3725 gentis
401 3670 493 3702 numen
512 3653 538 3701 in
555 3667 598 3702 eos
615 3651 777 3719 potissimum
794 3650 930 3709 transiret,
955 3651 999 3716 qui
1016 3650 1070 3717 ejus
1088 3665 1164 3699 suasu
1181 3652 1265 3696 tentus
1282 3663 1324 3697 res
1342 3649 1425 3716 egisse
1441 3647 1577 3698 rideretur·

278 3748 340 3813 tea)
367 3747 409 3796 Sic
433 3750 535 3812 praeter
553 3744 711 3794 notissimam
729 3743 800 3791 illurn
816 3741 1005 3808 pestilentiam,
1030 3760 1094 3810 quae
1111 3743 1139 3792 iu
1156 3740 1290 3810 Sophoclis
1307 3741 1408 3807 Oedipo
1424 3740 1494 3809 Rege
1511 3740 1687 3806 describitur,

209 3845 286 3896 etiam
303 3841 349 3890 ills
366 3840 469 3896 eludes,
488 3854 538 3902 qun
555 3837 706 3902 Amphionis
724 3840 749 3886 et
766 3835 861 3886 Niobes
878 3835 955 3886 lilseri
971 3835 1094 3892 occidisse
1113 3835 1248 3893 dicuntur,
1265 3849 1281 3882 n
1294 3831 1420 3882 Pausania
1437 3831 1482 3880 tx.
1500 3831 1554 3882 5.ss
1571 3832 1687 3900 aliisque

209 3941 243 3990 ad
259 3934 384 4004 λοιμώδη
403 3932 486 3988 νόσον
502 3931 626 3994 retertur,
645 3931 746 3998 qualem
763 3930 908 3998 Apollinem
926 3935 951 3980 ct
969 3929 1077 3979 lliennm
1094 3928 1229 3978 immittere
1246 3923 1396 3994 pervulgata
1414 3925 1500 3992 opinio
1516 3931 1586 3984 ernt;
1604 3926 1639 3976 ef.
1652 3926 1686 3978 C.

210 4036 240 4083 E.
258 4034 285 4086 J.
305 4031 459 4098 Burneister
476 4029 508 4076 de
524 4024 611 4076 lslsuln
629 4041 693 4090 quse
711 4025 742 4075 de
759 4023 840 4077 Niobe
858 4023 961 4093 ejusque
978 4019 1067 4071 liberis
1084 4019 1140 4090 egit
1157 4017 1277 4083 (Visumr.
1291 4013 1369 4072 teto.
1387 4015 1415 4084 8)
1432 4015 1507 4084 pta
1519 4032 1573 4084 sqq.
