3684 4624
777 397 1085 482 -105-

195 637 376 704 scurum,
412 628 459 689 ut
488 613 548 688 vel
583 636 604 688 a
637 612 837 711 plerisque
868 609 1049 686 virorum
1087 610 1297 684 doctorum
1338 607 1567 706 neglectum
1602 611 1672 702 sit,

442 717 452 748 Ι

192 763 302 860 quod
340 776 475 839 tamen
514 786 561 836 eo
601 763 726 861 magis
766 760 1091 861 persequendum
1131 758 1341 846 duximus,
1385 783 1467 857 quo
1505 759 1680 856 propius

189 910 269 1009 jam
307 925 465 986 externa
498 913 627 1009 specie
655 913 703 988 ad
735 936 873 989 earum
900 910 1145 1010 religionum
1172 908 1344 985 formam
1370 909 1539 1000 accedit,
1572 933 1670 1008 quas

191 1061 431 1162 Sophoclem
466 1060 508 1134 in
538 1063 692 1162 Oedipo
720 1063 899 1138 Cotoneo
932 1058 1216 1135 commendare
1243 1057 1502 1147 arbitramur,
1536 1078 1670 1154 neque

188 1173 420 1298 interiorem
455 1209 539 1308 ejus
573 1194 772 1302 indolem,
807 1212 840 1286 si
871 1222 977 1284 recte
1011 1208 1277 1295 existimetur,
1311 1207 1358 1280 ab
1392 1229 1532 1281 earum
1554 1201 1669 1300 sabu-
1701 1199 1703 1203 ⁴

189 1358 319 1435 larum
343 1381 504 1456 genere,
532 1361 581 1437 de
603 1385 684 1460 quo
709 1385 821 1434 nuuc
844 1361 1017 1436 maxime
1042 1361 1218 1458 agimus,
1245 1358 1415 1434 alienam
1436 1354 1521 1431 fore
1539 1382 1668 1457 spera-

187 1533 292 1583 mus.
338 1508 457 1604 Quod
480 1507 589 1580 enim
610 1507 789 1604 Oedipus
809 1506 1056 1604 Sophocleus
1076 1505 1233 1580 Theseo
1252 1502 1444 1602 injungit,
1472 1516 1519 1577 ut
1535 1504 1667 1603 sepul·

187 1663 243 1736 cri
275 1661 338 1735 sui
371 1660 485 1733 locus
518 1657 621 1734 clam
654 1656 847 1734 habeatur
877 1681 952 1732 nec
981 1657 1059 1731 nisi
1092 1655 1265 1754 principi
1291 1654 1347 1728 rei
1373 1651 1556 1751 publicae
1581 1651 1666 1725 viro

186 1825 309 1886 notus
328 1810 375 1885 ab
392 1808 469 1884 hoc
488 1809 655 1884 demum
674 1810 893 1885 successori
912 1827 1070 1903 semper
1086 1802 1284 1880 indicetur
1299 1799 1379 1896 ¹¹⁸),
1396 1801 1504 1876 idem
1519 1799 1665 1875 Thebis

186 1984 348 2060 quoque
375 1971 574 2034 servatum
603 1955 786 2032 videmus
817 1957 861 2032 in
887 1959 1028 2055 Dircae
1055 1952 1256 2055 sepulcro,
1291 1955 1401 2054 quod
1426 1945 1664 2029 Plutarchus

183 2119 320 2181 narrat
343 2107 496 2183 arcanis
525 2107 769 2210 quibusdam
795 2108 914 2185 sacris
942 2104 1099 2180 cultum
1123 2091 1242 2202 atque
1266 2101 1316 2177 iis
1343 2114 1503 2178 tantum
1530 2096 1664 2200 cogni-

185 2269 272 2332 tum
298 2254 438 2342 fiiisse,
474 2257 544 2355 qui
579 2282 718 2335 annuo
752 2257 1073 2358 hipparchorum
1108 2277 1280 2330 munere
1312 2250 1441 2328 functi
1474 2253 1521 2329 ab
1555 2263 1664 2327 ante·

180 2403 403 2480 cessoribus
430 2403 513 2480 suis
542 2403 626 2501 ejus
653 2406 839 2484 notitiam
864 2409 1105 2506 accepissent
1121 2405 1205 2502 ¹¹9);
1234 2407 1343 2507 atqui
1365 2406 1507 2483 Dircae
1530 2403 1662 2504 sepul·

178 2597 567 2618 W

179 2696 286 2767 αὐτόν,
312 2697 361 2768 τήν
384 2697 496 2767 φλόγα,
524 2695 654 2760 ω’ςαύτως
679 2700 778 2752 δὲκαὶ
801 2700 849 2756 τόν
866 2698 913 2755 sise'
931 2701 1018 2772 αὐτῆς
1034 2702 1143 2757 καπνόν
1160 2701 1225 2772 διχῆ
1244 2702 1424 2760 ότιόταοθαιι
1454 2709 1486 2760 ct.
1503 2707 1608 2758 treats.
1627 2709 1661 2758 ad

178 2793 280 2850 Anthol.
298 2793 343 2843 Gr.
362 2794 392 2843 T.
405 2793 444 2854 11,
462 2792 491 2843 Ρ.
504 2794 535 2854 2,
553 2811 579 2861 p.
593 2795 627 2845 tt
645 2800 670 2845 ct
687 2797 721 2845 ad
739 2796 859 2848 Philostr.
877 2799 976 2868 tmagg.
995 2798 1097 2860 1119,
1116 2816 1143 2868 p.
1155 2799 1218 2850 554.

248 2910 310 2978 118)
328 2909 391 2962 Ocd.
408 2910 464 2962 Cot.
483 2926 506 2961 τ.
520 2909 593 2962 1510
605 2927 674 2978 sqq„
693 2912 738 2963 uhi
754 2912 817 2964 lmec
834 2915 961 2982 imprimis
977 2936 1024 2969 nos
1042 2921 1179 2972 advertunt
1195 2920 1319 2974 τ.155οε

510 3049 512 3054 .
584 3001 647 3058 otte*
671 3003 756 3068 αὐτός
782 3002 826 3062 οἷοὶ
850 3007 934 3076 σῶζε,
961 3005 1056 3076 χῶταν
1077 3009 1118 3074 τίς
1142 3013 1221 3074 τέλος

583 3097 634 3152 τοῦ
653 3095 702 3168 ζῇν
720 3100 838 3172 α’φικνῇ,
865 3101 902 3172 τῷ
919 3103 1099 3174 προῳτρτοίτῳ
1117 3105 1195 3175 μόνῳ

587 3191 706 3262 σήμαιν’,
733 3192 748 3248 ὁ
767 3192 790 3248 δ’
807 3193 851 3250 siet
868 3193 905 3268 τρῖ
923 3194 1020 3252 ’πιόντι
1039 3199 1181 3253 δεικνύτω.-

178 3304 244 3358 quse
260 3288 354 3340 nollem
372 3285 534 3340 Thsulisluun
557 3304 585 3356 p.
604 3287 658 3340 w
682 3291 716 3340 ad
739 3307 830 3361 regum
853 3298 953 3343 tantum
972 3301 1082 3346 aetatem
1099 3296 1274 3346 restrinxisset
1301 3293 1348 3362 (όα
1367 3294 1416 3348 dos
1435 3295 1594 3366 Gelses'mrss'l's
1613 3297 1658 3350 des

179 3380 258 3431 Ortes
276 3381 323 3430 mit
339 3378 389 3429 ders
403 3379 524 3449 licinipess
541 3379 636 3448 inusite
653 3381 772 3432 verlsren
788 3400 925 3454 geganpen
942 3387 1033 3453 seyn)‚·
1051 3387 1186 3438 archontes
1204 3403 1303 3454 quoquc
1321 3391 1437 3456 quamvis
1454 3391 1545 3442 ennius
1561 3391 1659 3444 vicibus

178 3472 227 3522 sibi
251 3475 414 3524 succedentes
438 3472 500 3523 haec
524 3489 597 3524 sacra
619 3474 717 3540 pariter
739 3490 769 3524 ac
787 3474 886 3542 reliqua
910 3494 926 3525 a
945 3476 1049 3546 regibus
1066 3479 1163 3527 tradita
1180 3495 1269 3528 curare
1285 3481 1401 3546 potuisse
1419 3480 1598 3534 Thebanorum
1616 3502 1658 3536 ex-

178 3567 303 3634 emplum,
323 3569 392 3636 quod
409 3568 524 3636 proxime
539 3573 688 3638 tangemus,
706 3568 770 3620 satis
788 3569 869 3618 docet.

246 3682 310 3749 119)
334 3682 402 3733 Plut.
421 3685 453 3734 ds
470 3683 541 3734 Socr.
560 3683 641 3734 daem.
666 3699 688 3734 ο.
706 3680 737 3732 5:
769 3679 933 3764 ἐπανελθών
956 3685 986 3738 st
1009 3682 1118 3738 ἐκεῖθεν
1142 3681 1203 3744 οἶός
1227 3683 1300 3738 ἐστιν
1322 3685 1370 3739 τόν
1389 3684 1493 3756 Δίρκης
1511 3686 1658 3755 α’ναζητοῖν
1689 3654 1697 3743 1

176 3774 284 3846 reipsa,
310 3768 452 3844 οἵγνωοτον
478 3771 544 3830 ὅντα
567 3780 627 3838 τοῖς
647 3772 789 3844 Θηβαίοις
811 3777 884 3845 πλήν
907 3774 961 3832 τῶν
978 3775 1210 3845 ἱππαρχηκότων·
1237 3773 1324 3846 ὀγοὶρ
1344 3773 1591 3848 ἀπαλλαττόμενος
1610 3781 1658 3836 τόν
1684 3766 1689 3821 1

174 3869 438 3940 παραλαμβάνοντα
461 3869 509 3938 τήν
526 3861 617 3938 οἱρχήν
633 3870 722 3938 μόνος
741 3865 818 3940 ἄνων
834 3872 923 3939 μόνον
940 3870 1028 3931 ἔδειξε
1045 3870 1164 3941 νύκτωρ,
1191 3870 1242 3924 ναιΙ
1257 3889 1333 3933 τινας
1352 3871 1393 3926 ἐπ’
1412 3870 1488 3944 scirpi
1506 3875 1656 3945 δράσαντος

175 3961 303 4032 α’ττῦρονς
330 3959 506 4034 ἱερουργίας,
539 3947 579 4052 τῇ
590 3963 774 4044 joisppes'qs
801 3966 951 4052 ουρρόονοτ
978 3966 1029 4053 κα)
1051 3962 1239 4052 οἶρανίζοοος,
1272 3960 1325 4021 ono*
1356 3968 1455 4031 σκότος
1484 3967 1655 4038 ἀπέρχονται

172 4058 366 4128 χωρισθέντες.
