3684 4624
40 725 44 816 ,ζ

778 369 1085 457 -150-

195 585 295 662 meis
312 586 546 674 tribuimus,
568 597 722 684 praeter
737 583 967 660 universam
984 584 1293 666 similitudinem
1312 606 1352 667 et
1368 597 1669 694 cognationem,

194 760 314 835 quam
342 736 434 812 satis
461 734 645 834 superius
672 732 867 832 persecuti
894 755 1055 823 sumus,
1083 734 1242 812 duobus
1264 743 1522 836 potissimum
1548 770 1665 847 argu·

191 885 337 959 mentis
355 884 528 975 utimur,
544 885 676 984 primo
693 885 804 985 quod
817 886 1020 983 Oedipum
1035 863 1305 986 Sophocleum
1320 894 1456 983 vivum
1475 911 1514 972 et
1529 900 1665 976 volen-

190 1051 271 1113 tem
305 1037 480 1135 integrae
513 1035 849 1150 vitaehumanae
881 1035 1052 1125 miseriis
1084 1036 1343 1136 perfunctum
1376 1068 1471 1119 cum
1498 1071 1661 1126 summo

189 1184 359 1261 deorum
385 1182 515 1262 favore
541 1186 682 1261 eodem
709 1183 946 1261 descendere
971 1183 1170 1276 videmus,
1205 1212 1288 1288 quo
1312 1213 1435 1267 nemo
1461 1208 1661 1292 praetcrea

187 1337 264 1412 nisi
289 1336 438 1412 invitus
465 1337 653 1436 iratisque
679 1335 754 1413 diis
782 1337 1100 1434 appropinquare
1126 1335 1251 1412 soleat
1272 1337 1364 1430 2⁰³),
1400 1339 1522 1416 altero
1548 1345 1663 1442 quod

184 1487 400 1565 Adrastum
426 1487 480 1562 ibi
508 1510 632 1585 equos
659 1510 753 1561 suos
779 1485 1001 1562 inhibuisse
1027 1484 1212 1560 volebant
1237 1484 1302 1579 (cf.
1320 1501 1403 1562 not
1422 1489 1506 1586 28),
1533 1516 1659 1590 quem

185 1639 217 1712 si
243 1637 324 1714 veri
350 1636 607 1712 simillimum
633 1649 692 1711 est
714 1635 840 1734 ipsam
866 1634 1080 1712 Furiarum
1105 1633 1187 1708 vim
1212 1611 1478 1712 ineiitabilem
1505 1638 1657 1736 signifi-

184 1807 288 1874 care,
313 1784 392 1883 jam
417 1785 595 1883 mitigato
618 1785 765 1860 hermu
790 1782 962 1857 numine
984 1794 1022 1856 et
1037 1781 1173 1880 ipsum
1192 1783 1474 1880 conquiescere
1490 1809 1657 1864 necesse

182 1946 282 2021 erat;
323 1945 526 2030 totamque
558 1929 638 2029 jam
671 1929 949 2029 disputationis
976 1943 1135 2008 nostrae
1160 1955 1365 2008 summam
1391 1934 1446 2010 ita
1471 1959 1655 2035 compre·

181 2076 418 2167 hendimus,
450 2092 498 2152 ut
522 2091 743 2154 statuamus
771 2079 1040 2154 Cadmeorum
1066 2079 1266 2157 coloniam
1300 2095 1471 2160 veterem
1499 2085 1652 2162 Chtho-

179 2231 346 2304 niorum
373 2228 542 2304 deorum
568 2228 724 2304 cultum
753 2251 890 2304 secum
916 2225 1108 2305 serentem
1136 2229 1180 2303 in
1205 2229 1374 2308 Atticam
1399 2237 1649 2334 pervenisse,

177 2379 313 2480 ibique
339 2391 494 2476 reperto
519 2376 624 2466 loco,
649 2376 720 2450 ubi
747 2374 922 2476 aliquem
942 2400 1038 2451 cum
1060 2373 1199 2500 inseris
1220 2391 1491 2456 commeatum
1514 2394 1648 2480 patere

177 2529 261 2628 ipsa
282 2542 424 2606 natura
447 2526 629 2603 suaderet
653 2519 719 2618 (cf.
736 2537 820 2600 not
837 2527 921 2617 57),
948 2524 1083 2600 sedem
1102 2538 1141 2599 et
1157 2523 1232 2603 sibi
1251 2541 1289 2601 et
1307 2528 1543 2605 ceremoniis
1561 2529 1646 2604 suis

68 2734 73 2742 .
176 2663 355 2776 cepisse,
371 2696 473 2775 quae
496 2688 629 2750 tamen
654 2696 785 2775 quum
810 2668 891 2790 jam
914 2681 1028 2749 antee
1047 2670 1091 2745 in
1114 2673 1316 2749 mitiorem
1337 2673 1449 2750 illam
1473 2674 1646 2756 sormam

174 2827 432 2920 transiissent,
449 2845 528 2924 qua
544 2822 662 2898 etiam
672 2818 813 2896 Eteoni
828 2818 872 2892 in
883 2818 1043 2895 Boeotia
1056 2821 1173 2894 Ceres
1185 2788 1388 2920 Oedipum
1403 2822 1554 2920 templo
1567 2849 1645 2902 suo

174 2975 365 3075 recepisse
383 2972 616 3048 credebatur
632 2966 697 3065 (cf.
715 2980 798 3042 not
815 2967 895 3065 11),
920 2966 1001 3041 illic
1022 2924 1162 3044 saltem
1187 2969 1321 3043 stetim
1343 2971 1391 3046 ab
1415 2971 1532 3048 initio
1556 2997 1645 3052 non

173 3120 365 3218 Erinyum
386 3120 455 3196 sed
473 3117 747 3195 Eumenidum
769 3140 920 3192 nomen
945 3137 1038 3213 prae
1060 3136 1102 3190 se
1128 3111 1305 3188 tulerint.
1343 3114 1391 3190 Id
1409 3138 1502 3193 vero
1519 3119 1643 3197 Athe·

171 3265 379 3344 niensib'us
402 3290 449 3341 eo
476 3263 672 3362 acceptius
698 3262 873 3338 accidere
896 3262 1078 3352 debebat,
1112 3287 1193 3362 quo
1217 3259 1386 3338 faustius
1411 3287 1534 3340 omen
1558 3282 1644 3346 erat

171 3435 333 3515 quoque
353 3415 476 3512 magis
498 3413 572 3513 ipsi
594 3410 756 3488 fortasse
774 3410 931 3488 dudum
948 3409 1058 3484 illius
1076 3408 1154 3484 loci
1175 3431 1331 3507 numen
1353 3409 1642 3504 extimuerant,

236 3665 304 3733 wo)
329 3665 422 3719 Obiter
438 3681 526 3718 moneo
542 3665 682 3718 numum
697 3663 856 3726 obulum,
884 3681 949 3734 qnae
965 3668 1001 3719 nd
1018 3667 1142 3720 sacrificia
1157 3666 1266 3718 bumana
1284 3667 1385 3720 sublata
1403 3674 1519 3736 spectare
1535 3669 1641 3724 vilun-

167 3768 225 3816 tur,
248 3775 303 3810 enm
326 3745 436 3810 indolem
455 3775 525 3820 ease,
547 3767 577 3811 nt
600 3760 645 3829 qni
661 3764 787 3811 extremm
804 3759 896 3830 longre
914 3760 1073 3811 miseriarum
1090 3762 1164 3812 miei
1180 3760 1257 3813 finem
1272 3762 1402 3827 imponat,
1425 3777 1472 3812 nec
1490 3767 1558 3814 sorte
1575 3765 1641 3816 due·

165 3863 207 3906 tns
230 3871 310 3924 neque
334 3855 420 3922 aliqua
443 3855 591 3907 necessitate
613 3860 716 3908 nactus
740 3856 785 3907 ret
809 3871 855 3906 nnn
879 3859 969 3922 sponte
986 3855 1122 3905 discrimen
1140 3853 1230 3906 nubem
1246 3853 1288 3906 rel
1305 3871 1351 3906 sua
1369 3853 1420 3904 sibi
1435 3871 1512 3904 menn
1527 3859 1642 3908 moden

167 3947 263 3998 afferat.
299 3947 341 4000 Sic
366 3954 395 3998 nt
419 3948 484 3998 alios
507 3949 607 3998 mittun
631 3950 801 4001 monstratu·
824 3950 870 4001 illc
894 3951 965 4016 apud
980 3948 1134 4000 Pausaniam
1151 3949 1196 3998 lx.
1214 3947 1259 4000 ab.
1277 3946 1296 3998 ὅ
1317 3947 1386 4000 ultr-o
1408 3947 1465 4016 eju
1487 3963 1563 4014 quen
1579 3961 1642 4000 flore

167 4038 309 4106 designarit
332 4040 400 4090 vices
422 4039 546 4105 suscipit,
577 4039 613 4088 sic
637 4039 749 4093 Theren
771 4043 841 4108 apud
863 4039 1030 4093 Plutarchum
1054 4057 1076 4090 c.
1096 4038 1132 4092 16
1162 4035 1296 4096 ἐπέδωκεν
1318 4036 1419 4094 ὅαυτδν
1442 4033 1508 4094 ciret
1529 4037 1641 4108 κλήρου
