3674 4636
759 401 1044 492 *45*-

162 621 252 702 illos
277 623 554 724 prohiberent¹
607 625 742 721 Longe
767 614 945 718 profecto
971 611 1128 692 theilius
1153 607 1257 696 hanc
1283 616 1557 699 difficultatem
1585 623 1640 702 ita

161 765 435 870 expediemus,
457 783 506 846 ut
522 765 663 846 omnes
681 769 808 858 locos,
832 767 903 866 qui
920 765 1083 843 laudem
1101 766 1277 868 aliquam
1297 766 1529 849 Thebarum
1547 795 1640 848 con·

160 902 368 1013 tinent,'a
401 921 561 1021 juniore
591 921 787 1021 Sophocle
820 920 974 999 additos
1009 945 1094 997 esse
1127 934 1369 1012 statuamus,
1407 915 1478 1022 qui
1511 946 1642 1021 quum

161 1073 339 1152 tabulam
360 1073 409 1149 ab
427 1094 499 1148 avo
516 1070 692 1147 relictam
711 1071 877 1148 editioni
894 1064 1070 1171 pararet,
1096 1073 1324 1182 praevidere
1342 1073 1509 1150 debebat
1525 1094 1643 1172 argu·

163 1233 369 1309 mentum,
399 1222 443 1295 in
475 1245 557 1320 quo
584 1220 827 1296 Thebanum
859 1220 1073 1296 hominem
1103 1245 1125 1299 a
1151 1246 1242 1322 rege
1267 1223 1396 1299 Attico
1421 1221 1642 1300 maledictis

164 1367 320 1443 concidi
341 1381 460 1467 atque
485 1369 530 1442 in
548 1369 735 1444 ordinem
754 1369 840 1468 cogi
858 1391 1022 1480 necesse
1039 1383 1157 1458 esset,
1184 1370 1292 1446 bello
1317 1372 1538 1469 composito
1558 1384 1642 1447 tan·

162 1517 293 1616 tisque
317 1515 523 1592 beneficiis
557 1539 578 1592 a
606 1515 808 1596 Thebanis
834 1517 878 1589 in
905 1519 1065 1619 plebem
1091 1520 1261 1597 Atticam
1292 1520 1460 1613 collatis,
1496 1522 1645 1598 recenti

162 1668 315 1744 reditus
329 1729 334 1740 .
347 1665 535 1742 exsulum
568 1667 783 1757 memoria,
817 1690 941 1767 quem
972 1665 1032 1740 illi
1066 1667 1235 1743 consilio
1265 1667 1490 1767 opibusque
1519 1691 1643 1767 quam
1698 1683 1705 1689 ’

164 1814 337 1889 maxime
355 1810 602 1910 adjuverant,
627 1814 778 1912 populo
795 1815 950 1913 plaeere
968 1844 1053 1896 non
1070 1844 1203 1920 posse,
1224 1821 1303 1897 nisi
1320 1822 1460 1920 etipse
1476 1845 1644 1898 omnem

163 1958 356 2036 invidiam
373 1961 421 2036 ab
440 1962 625 2038 universa
640 1962 792 2040 civitate
809 1965 851 2037 in
870 1965 1115 2066 singularem
1132 1969 1344 2045 hominem
1361 1969 1645 2060 transtulissem

164 2122 410 2223 quapropter
445 2123 484 2186 ct
519 2111 610 2188 illos
648 2135 806 2204 versus,
851 2139 953 2213 quos
992 2119 1178 2219 superius
1218 2122 1645 2212 commemoravimus,

166 2260 309 2369 nepoti
334 2260 553 2338 tribuimus
588 2261 627 2337 et
657 2261 731 2339 hos
758 2261 843 2360 ejus
869 2289 1042 2343 manum
1069 2281 1248 2366 expertos
1275 2291 1360 2344 esse
1386 2269 1646 2360 arbitramur,

164 2409 315 2507 quibus
344 2411 524 2509 Oedipus
550 2413 754 2492 vThesemn
782 2428 941 2505 monet,
970 2439 1024 2491 ne
1048 2430 1282 2515 perpetuam
1309 2418 1525 2498 amicitiam
1551 2444 1645 2496 cum

168 2561 370 2638 Thebanis
396 2577 545 2662 speret,
569 2561 655 2638 lore
681 2565 792 2638 enim
818 2578 1001 2660 tempora
1028 2565 1080 2655 (v.
1099 2563 1210 2658 619),
1306 2598 1311 2610 ·

497 2699 542 2787 ἕν
566 2707 631 2797 αἶς
654 2711 704 2787 τὰ
728 2713 803 2787 νῦν
830 2708 1024 2811 ξύμφωνα
1050 2706 1274 2804 δεξιώματα

469 2867 472 2871 ’
499 2853 604 2956 δόρει
627 2859 879 2934 statuantur
903 2863 945 2934 ἐκ
971 2858 1130 2956 σμικροῦ
1157 2855 1299 2956 λόγους

169 3011 352 3110 exiguam
378 3011 482 3086 certe
507 3010 689 3088 acerrimi
712 3009 810 3085 belli
832 3029 993 3090 causam
1014 3003 1155 3096 fuisse,
1181 3008 1291 3107 quod
1314 3006 1423 3084 idem
1445 3009 1516 3086 viri
1542 3011 1647 3088 docti

170 3185 419 3261 concoquere
452 3188 537 3238 non
568 3175 807 3261 potuerunt,
841 3164 876 3238 is
909 3153 1068 3236 tantum
1096 3157 1226 3234 dicere
1251 3171 1421 3257 poterat,
1455 3159 1525 3258 qui
1551 3181 1649 3257 pace

170 3310 390 3409 composita
415 3311 556 3386 veteris
583 3313 795 3388 simultatis
821 3313 1063 3388 memoriam
1087 3308 1237 3386 elevare
1262 3310 1390 3384 vellet.
1439 3305 1568 3410 Atque
1594 3312 1647 3390 ita

171 3465 338 3540 demum
357 3465 595 3564 primarium
613 3466 715 3542 illud
734 3477 1019 3566 argumentum
1039 3459 1244 3540 sublatum
1263 3453 1356 3548 erit,
1379 3482 1502 3557 quare
1519 3460 1646 3538 Reisi-

170 3615 259 3713 gius
290 3628 409 3715 atque
435 3619 695 3691 Hermannus
721 3613 898 3692 fabulam
922 3613 968 3686 in
992 3607 1088 3685 belli
1111 3607 1228 3682 initio
1255 3605 1520 3699 collocarunt,
1553 3609 1647 3708 quia
1758 3659 1763 3671 -

171 3777 301 3840 tantae
322 3763 501 3840 hostiurn
523 3762 662 3840 laudes
685 3761 887 3860 flagrantis
906 3764 1000 3839 belli
1022 3759 1271 3858 temporibus
1291 3759 1529 3860 neutiquam
1553 3786 1647 3836 con·

171 3911 306 3985 venire
336 3911 595 4002 videbantur,
636 3935 734 4010 quas
770 3911 841 3986 etsi
874 3910 955 4009 jam
988 3903 1211 3984 Boeckhius
1244 3909 1365 3984 etiam
1400 3911 1449 3984 ab
1481 3912 1647 3987 ineunte

171 4056 322 4134 alienas
356 4081 441 4135 esse
472 4072 576 4136 recte
606 4058 848 4152 monuisset,
881 4072 1015 4136 tamen
1041 4082 1128 4136 non
1160 4073 1242 4138 erat
1267 4085 1341 4136 cur
1369 4072 1579 4158 sequentes
1605 4057 1647 4133 in

1215 4183 1265 4253 6*
