<?xml version="1.0" encoding="UTF-8"?>
<!DOCTYPE html PUBLIC "-//W3C//DTD XHTML 1.0 Transitional//EN"
    "http://www.w3.org/TR/xhtml1/DTD/xhtml1-transitional.dtd">
<html xmlns="http://www.w3.org/1999/xhtml" xml:lang="en" lang="en">
 <head>
  <title>
</title>
<meta http-equiv="Content-Type" content="text/html;charset=utf-8" />
  <meta name='ocr-system' content='tesseract 3.04.00' />
  <meta name='ocr-capabilities' content='ocr_page ocr_carea ocr_par ocr_line ocrx_word'/>
</head>
<body>
  <div class='ocr_page' id='page_1' title='image "./quaestionumoedi00hermgoog_0115.png"; bbox 0 0 3684 4624; ppageno 0'>
   <div class='ocr_carea' id='block_1_1' title="bbox 768 392 1078 478">
    <p class='ocr_par' dir='ltr' id='par_1_1' title="bbox 768 392 1078 478">
     <span class='ocr_line' id='line_1_1' title="bbox 768 392 1078 478; baseline -0.006 -17"><span class='ocrx_word' id='word_1_1' title='bbox 768 392 1078 478; x_wconf 81' lang='lat'>..100-</span> 
     </span>
    </p>
   </div>
   <div class='ocr_carea' id='block_1_2' title="bbox 187 602 1665 710">
    <p class='ocr_par' dir='ltr' id='par_1_2' title="bbox 187 602 1665 710">
     <span class='ocr_line' id='line_1_2' title="bbox 187 602 1665 710; baseline 0.002 -21"><span class='ocrx_word' id='word_1_2' title='bbox 187 613 234 690; x_wconf 91' lang='lat' dir='ltr'>ab</span> <span class='ocrx_word' id='word_1_3' title='bbox 256 610 373 686; x_wconf 89' lang='lat' dir='ltr'>initio</span> <span class='ocrx_word' id='word_1_4' title='bbox 396 608 624 708; x_wconf 88' lang='lat' dir='ltr'>adjunctam</span> <span class='ocrx_word' id='word_1_5' title='bbox 639 605 763 682; x_wconf 87' lang='lat' dir='ltr'>fuisse</span> <span class='ocrx_word' id='word_1_6' title='bbox 784 605 941 682; x_wconf 87' lang='lat' dir='ltr'>credam</span> <span class='ocrx_word' id='word_1_7' title='bbox 971 602 1056 702; x_wconf 66' lang='lat'><strong>¹¹⁹),</strong></span> <span class='ocrx_word' id='word_1_8' title='bbox 1083 619 1130 680; x_wconf 89' lang='lat' dir='ltr'>ut</span> <span class='ocrx_word' id='word_1_9' title='bbox 1148 629 1412 708; x_wconf 86' lang='lat' dir='ltr'>quaecunque</span> <span class='ocrx_word' id='word_1_10' title='bbox 1430 634 1476 686; x_wconf 87' lang='lat' dir='ltr'>ex</span> <span class='ocrx_word' id='word_1_11' title='bbox 1494 613 1665 710; x_wconf 83' lang='lat' dir='ltr'>pristina</span> 
     </span>
    </p>
   </div>
   <div class='ocr_carea' id='block_1_3' title="bbox 183 753 1664 2058">
    <p class='ocr_par' dir='ltr' id='par_1_3' title="bbox 183 753 1664 2058">
     <span class='ocr_line' id='line_1_3' title="bbox 185 753 1664 862; baseline 0.003 -25"><span class='ocrx_word' id='word_1_12' title='bbox 185 761 340 841; x_wconf 80' lang='lat' dir='ltr'>fabulae</span> <span class='ocrx_word' id='word_1_13' title='bbox 374 758 501 835; x_wconf 81' lang='lat' dir='ltr'>forma</span> <span class='ocrx_word' id='word_1_14' title='bbox 533 757 772 834; x_wconf 83' lang='lat' dir='ltr'>remansisse</span> <span class='ocrx_word' id='word_1_15' title='bbox 803 753 1033 847; x_wconf 83' lang='lat' dir='ltr'>videantur,</span> <span class='ocrx_word' id='word_1_16' title='bbox 1066 757 1119 833; x_wconf 86' lang='lat' dir='ltr'>ita</span> <span class='ocrx_word' id='word_1_17' title='bbox 1150 771 1307 834; x_wconf 86' lang='lat' dir='ltr'>tautum</span> <span class='ocrx_word' id='word_1_18' title='bbox 1335 760 1520 860; x_wconf 84' lang='lat' dir='ltr'>explicari</span> <span class='ocrx_word' id='word_1_19' title='bbox 1544 791 1664 862; x_wconf 91' lang='lat' dir='ltr'>posse</span> 
     </span>
     <span class='ocr_line' id='line_1_4' title="bbox 185 905 1662 1010; baseline -0.001 -18"><span class='ocrx_word' id='word_1_20' title='bbox 185 914 370 1000; x_wconf 89' lang='lat' dir='ltr'>arbitrer,</span> <span class='ocrx_word' id='word_1_21' title='bbox 396 911 466 984; x_wconf 94' lang='lat' dir='ltr'>ubi</span> <span class='ocrx_word' id='word_1_22' title='bbox 492 909 542 984; x_wconf 92' lang='lat' dir='ltr'>ad</span> <span class='ocrx_word' id='word_1_23' title='bbox 569 928 704 983; x_wconf 81' lang='lat' dir='ltr'>causas</span> <span class='ocrx_word' id='word_1_24' title='bbox 730 905 931 984; x_wconf 79' lang='lat' dir='ltr'>naturales</span> <span class='ocrx_word' id='word_1_25' title='bbox 958 933 1126 1010; x_wconf 88' lang='lat' dir='ltr'>eamque</span> <span class='ocrx_word' id='word_1_26' title='bbox 1147 911 1391 1010; x_wconf 80' lang='lat' dir='ltr'><strong>religionum</strong></span> <span class='ocrx_word' id='word_1_27' title='bbox 1415 913 1662 992; x_wconf 86' lang='lat' dir='ltr'>tellustrium</span> 
     </span>
     <span class='ocr_line' id='line_1_5' title="bbox 183 1059 1661 1170; baseline -0.001 -30"><span class='ocrx_word' id='word_1_28' title='bbox 183 1065 357 1142; x_wconf 88' lang='lat' dir='ltr'>formam</span> <span class='ocrx_word' id='word_1_29' title='bbox 375 1061 605 1150; x_wconf 84' lang='lat' dir='ltr'>redeamus,</span> <span class='ocrx_word' id='word_1_30' title='bbox 631 1083 753 1159; x_wconf 91' lang='lat' dir='ltr'>quam</span> <span class='ocrx_word' id='word_1_31' title='bbox 773 1059 953 1136; x_wconf 85' lang='lat' dir='ltr'>Thebani</span> <span class='ocrx_word' id='word_1_32' title='bbox 970 1059 1227 1157; x_wconf 87' lang='lat' dir='ltr'>potissimum</span> <span class='ocrx_word' id='word_1_33' title='bbox 1246 1065 1328 1170; x_wconf 85' lang='lat' dir='ltr'>agri</span> <span class='ocrx_word' id='word_1_34' title='bbox 1346 1076 1533 1140; x_wconf 88' lang='lat' dir='ltr'>naturam</span> <span class='ocrx_word' id='word_1_35' title='bbox 1550 1089 1661 1139; x_wconf 89' lang='lat' dir='ltr'>secu·</span> 
     </span>
     <span class='ocr_line' id='line_1_6' title="bbox 184 1204 1661 1307; baseline 0.001 -17"><span class='ocrx_word' id='word_1_36' title='bbox 184 1230 268 1295; x_wconf 91' lang='lat' dir='ltr'>tam</span> <span class='ocrx_word' id='word_1_37' title='bbox 290 1239 373 1290; x_wconf 93' lang='lat' dir='ltr'>esse</span> <span class='ocrx_word' id='word_1_38' title='bbox 392 1213 473 1290; x_wconf 85' lang='lat' dir='ltr'>veri</span> <span class='ocrx_word' id='word_1_39' title='bbox 493 1210 624 1288; x_wconf 91' lang='lat' dir='ltr'>simile</span> <span class='ocrx_word' id='word_1_40' title='bbox 645 1225 715 1286; x_wconf 87' lang='lat' dir='ltr'>est.</span> <span class='ocrx_word' id='word_1_41' title='bbox 753 1215 838 1287; x_wconf 91' lang='lat' dir='ltr'>Hoc</span> <span class='ocrx_word' id='word_1_42' title='bbox 858 1213 989 1296; x_wconf 88' lang='lat' dir='ltr'>enim,</span> <span class='ocrx_word' id='word_1_43' title='bbox 1016 1233 1068 1282; x_wconf 91' lang='lat' dir='ltr'>ne</span> <span class='ocrx_word' id='word_1_44' title='bbox 1091 1210 1182 1307; x_wconf 89' lang='lat' dir='ltr'>quis</span> <span class='ocrx_word' id='word_1_45' title='bbox 1201 1224 1324 1301; x_wconf 84' lang='lat' dir='ltr'>erret,</span> <span class='ocrx_word' id='word_1_46' title='bbox 1349 1204 1661 1291; x_wconf 62' lang='lat' dir='ltr'>facile&#39;concedo</span> 
     </span>
     <span class='ocr_line' id='line_1_7' title="bbox 185 1358 1663 1465; baseline -0.001 -22"><span class='ocrx_word' id='word_1_47' title='bbox 185 1367 363 1465; x_wconf 90' lang='lat' dir='ltr'>adeoque</span> <span class='ocrx_word' id='word_1_48' title='bbox 391 1359 612 1450; x_wconf 90' lang='lat' dir='ltr'>contendo,</span> <span class='ocrx_word' id='word_1_49' title='bbox 638 1358 782 1457; x_wconf 88' lang='lat' dir='ltr'>Oedipi</span> <span class='ocrx_word' id='word_1_50' title='bbox 808 1379 1021 1456; x_wconf 88' lang='lat' dir='ltr'>personam</span> <span class='ocrx_word' id='word_1_51' title='bbox 1048 1359 1280 1436; x_wconf 84' lang='lat' dir='ltr'>Thebarum</span> <span class='ocrx_word' id='word_1_52' title='bbox 1306 1364 1509 1461; x_wconf 89' lang='lat' dir='ltr'>propriam</span> <span class='ocrx_word' id='word_1_53' title='bbox 1537 1363 1663 1442; x_wconf 83' lang='lat' dir='ltr'>fuisse</span> 
     </span>
     <span class='ocr_line' id='line_1_8' title="bbox 184 1505 1663 1616; baseline 0 -24"><span class='ocrx_word' id='word_1_54' title='bbox 184 1530 302 1616; x_wconf 91' lang='lat' dir='ltr'>atque</span> <span class='ocrx_word' id='word_1_55' title='bbox 331 1513 427 1587; x_wconf 90' lang='lat' dir='ltr'>inde</span> <span class='ocrx_word' id='word_1_56' title='bbox 457 1511 625 1585; x_wconf 92' lang='lat' dir='ltr'>demum</span> <span class='ocrx_word' id='word_1_57' title='bbox 653 1508 698 1581; x_wconf 91' lang='lat' dir='ltr'>iu</span> <span class='ocrx_word' id='word_1_58' title='bbox 727 1505 820 1582; x_wconf 86' lang='lat' dir='ltr'>alias</span> <span class='ocrx_word' id='word_1_59' title='bbox 851 1506 1022 1586; x_wconf 89' lang='lat' dir='ltr'>civitates</span> <span class='ocrx_word' id='word_1_60' title='bbox 1051 1511 1281 1588; x_wconf 84' lang='lat' dir='ltr'>translatam</span> <span class='ocrx_word' id='word_1_61' title='bbox 1311 1537 1414 1603; x_wconf 85' lang='lat' dir='ltr'>esse,</span> <span class='ocrx_word' id='word_1_62' title='bbox 1447 1537 1545 1613; x_wconf 86' lang='lat' dir='ltr'>quae</span> <span class='ocrx_word' id='word_1_63' title='bbox 1576 1517 1663 1592; x_wconf 86' lang='lat' dir='ltr'>sive</span> 
     </span>
     <span class='ocr_line' id='line_1_9' title="bbox 183 1656 1661 1756; baseline -0.004 -13"><span class='ocrx_word' id='word_1_64' title='bbox 183 1670 368 1746; x_wconf 85' lang='lat' dir='ltr'>locorum</span> <span class='ocrx_word' id='word_1_65' title='bbox 391 1675 535 1740; x_wconf 89' lang='lat' dir='ltr'>natura</span> <span class='ocrx_word' id='word_1_66' title='bbox 562 1659 642 1734; x_wconf 79' lang='lat' dir='ltr'>sive</span> <span class='ocrx_word' id='word_1_67' title='bbox 665 1656 796 1756; x_wconf 90' lang='lat' dir='ltr'>aliqua</span> <span class='ocrx_word' id='word_1_68' title='bbox 819 1656 1062 1756; x_wconf 85' lang='lat' dir='ltr'>religionum</span> <span class='ocrx_word' id='word_1_69' title='bbox 1091 1660 1353 1737; x_wconf 90' lang='lat' dir='ltr'>similitudine</span> <span class='ocrx_word' id='word_1_70' title='bbox 1380 1662 1429 1737; x_wconf 92' lang='lat' dir='ltr'>ad</span> <span class='ocrx_word' id='word_1_71' title='bbox 1451 1685 1538 1736; x_wconf 89' lang='lat' dir='ltr'>eam</span> <span class='ocrx_word' id='word_1_72' title='bbox 1559 1665 1661 1738; x_wconf 92' lang='lat' dir='ltr'>reci-</span> 
     </span>
     <span class='ocr_line' id='line_1_10' title="bbox 183 1776 1663 1928; baseline -0.003 -38"><span class='ocrx_word' id='word_1_73' title='bbox 183 1776 373 1914; x_wconf 86' lang='lat' dir='ltr'>piendam</span> <span class='ocrx_word' id='word_1_74' title='bbox 410 1812 578 1887; x_wconf 87' lang='lat' dir='ltr'>idoneae</span> <span class='ocrx_word' id='word_1_75' title='bbox 615 1819 763 1928; x_wconf 71' lang='lat' dir='ltr'>essent‚</span> <span class='ocrx_word' id='word_1_76' title='bbox 802 1827 877 1878; x_wconf 88' lang='lat' dir='ltr'>nec</span> <span class='ocrx_word' id='word_1_77' title='bbox 913 1818 995 1880; x_wconf 88' lang='lat' dir='ltr'>tam</span> <span class='ocrx_word' id='word_1_78' title='bbox 1032 1804 1080 1880; x_wconf 91' lang='lat' dir='ltr'>ad</span> <span class='ocrx_word' id='word_1_79' title='bbox 1114 1805 1199 1905; x_wconf 92' lang='lat' dir='ltr'>ipsa</span> <span class='ocrx_word' id='word_1_80' title='bbox 1231 1805 1378 1880; x_wconf 91' lang='lat' dir='ltr'>virium</span> <span class='ocrx_word' id='word_1_81' title='bbox 1409 1811 1663 1886; x_wconf 87' lang='lat' dir='ltr'>terrestrium</span> 
     </span>
     <span class='ocr_line' id='line_1_11' title="bbox 186 1952 1663 2058; baseline -0.001 -24"><span class='ocrx_word' id='word_1_82' title='bbox 186 1961 364 2058; x_wconf 91' lang='lat' dir='ltr'>symbola</span> <span class='ocrx_word' id='word_1_83' title='bbox 399 1983 521 2058; x_wconf 90' lang='lat' dir='ltr'>quam</span> <span class='ocrx_word' id='word_1_84' title='bbox 552 1957 601 2033; x_wconf 91' lang='lat' dir='ltr'>ad</span> <span class='ocrx_word' id='word_1_85' title='bbox 632 1979 772 2032; x_wconf 90' lang='lat' dir='ltr'>earum</span> <span class='ocrx_word' id='word_1_86' title='bbox 808 1953 1130 2028; x_wconf 87' lang='lat' dir='ltr'>ceremoniarum</span> <span class='ocrx_word' id='word_1_87' title='bbox 1166 1952 1406 2028; x_wconf 89' lang='lat' dir='ltr'>memoriam</span> <span class='ocrx_word' id='word_1_88' title='bbox 1442 1955 1663 2051; x_wconf 87' lang='lat' dir='ltr'>pertinere,</span> 
     </span>
    </p>
   </div>
   <div class='ocr_carea' id='block_1_4' title="bbox 186 2099 1661 2209">
    <p class='ocr_par' dir='ltr' id='par_1_4' title="bbox 186 2099 1661 2209">
     <span class='ocr_line' id='line_1_12' title="bbox 186 2099 1661 2209; baseline -0.002 -26"><span class='ocrx_word' id='word_1_89' title='bbox 186 2110 334 2209; x_wconf 87' lang='lat' dir='ltr'>quibus</span> <span class='ocrx_word' id='word_1_90' title='bbox 365 2108 543 2182; x_wconf 81' lang='lat' dir='ltr'>Thebani</span> <span class='ocrx_word' id='word_1_91' title='bbox 576 2107 834 2205; x_wconf 84' lang='lat' dir='ltr'>potissimum</span> <span class='ocrx_word' id='word_1_92' title='bbox 869 2104 963 2180; x_wconf 91' lang='lat' dir='ltr'>deos</span> <span class='ocrx_word' id='word_1_93' title='bbox 981 2099 1130 2176; x_wconf 85' lang='lat' dir='ltr'>inferos</span> <span class='ocrx_word' id='word_1_94' title='bbox 1162 2101 1399 2192; x_wconf 87' lang='lat' dir='ltr'>coluisseut;</span> <span class='ocrx_word' id='word_1_95' title='bbox 1439 2106 1551 2202; x_wconf 93' lang='lat' dir='ltr'>quod</span> <span class='ocrx_word' id='word_1_96' title='bbox 1581 2108 1661 2182; x_wconf 91' lang='lat' dir='ltr'>nisi</span> 
     </span>
    </p>
   </div>
   <div class='ocr_carea' id='block_1_5' title="bbox 184 2253 1663 2354">
    <p class='ocr_par' dir='ltr' id='par_1_5' title="bbox 184 2253 1663 2354">
     <span class='ocr_line' id='line_1_13' title="bbox 184 2253 1663 2354; baseline -0.001 -21"><span class='ocrx_word' id='word_1_97' title='bbox 184 2261 238 2334; x_wconf 90' lang='lat' dir='ltr'>ita</span> <span class='ocrx_word' id='word_1_98' title='bbox 269 2269 387 2346; x_wconf 90' lang='lat' dir='ltr'>esset,</span> <span class='ocrx_word' id='word_1_99' title='bbox 424 2279 508 2331; x_wconf 91' lang='lat' dir='ltr'>non</span> <span class='ocrx_word' id='word_1_100' title='bbox 537 2255 716 2353; x_wconf 89' lang='lat' dir='ltr'>sepulcra</span> <span class='ocrx_word' id='word_1_101' title='bbox 748 2267 906 2330; x_wconf 87' lang='lat' dir='ltr'>tantum</span> <span class='ocrx_word' id='word_1_102' title='bbox 934 2253 1220 2328; x_wconf 80' lang='lat' dir='ltr'>verumetiam</span> <span class='ocrx_word' id='word_1_103' title='bbox 1249 2255 1474 2353; x_wconf 85' lang='lat' dir='ltr'>genituram</span> <span class='ocrx_word' id='word_1_104' title='bbox 1502 2255 1587 2354; x_wconf 86' lang='lat' dir='ltr'>ejus</span> <span class='ocrx_word' id='word_1_105' title='bbox 1613 2274 1663 2332; x_wconf 86' lang='lat' dir='ltr'>ut</span> 
     </span>
    </p>
   </div>
   <div class='ocr_carea' id='block_1_6' title="bbox 160 2459 1664 3680">
    <p class='ocr_par' dir='ltr' id='par_1_6' title="bbox 183 2459 1663 3390">
     <span class='ocr_line' id='line_1_14' title="bbox 255 2459 1662 2560; baseline -0.001 -25"><span class='ocrx_word' id='word_1_106' title='bbox 255 2480 319 2547; x_wconf 66' lang='lat'>112)</span> <span class='ocrx_word' id='word_1_107' title='bbox 332 2477 497 2532; x_wconf 73' lang='lat' dir='ltr'>&#39;Welclterus</span> <span class='ocrx_word' id='word_1_108' title='bbox 514 2479 540 2527; x_wconf 87' lang='lat' dir='ltr'>in</span> <span class='ocrx_word' id='word_1_109' title='bbox 558 2476 674 2544; x_wconf 69' lang='lat' dir='ltr'>Aeschyl.</span> <span class='ocrx_word' id='word_1_110' title='bbox 692 2477 789 2548; x_wconf 79' lang='lat' dir='ltr'>Trilag·</span> <span class='ocrx_word' id='word_1_111' title='bbox 810 2495 836 2546; x_wconf 81' lang='lat' dir='ltr'>p.</span> <span class='ocrx_word' id='word_1_112' title='bbox 851 2475 921 2530; x_wconf 76' lang='lat'>554:</span> <span class='ocrx_word' id='word_1_113' title='bbox 952 2478 995 2530; x_wconf 81' lang='lat' dir='ltr'>die</span> <span class='ocrx_word' id='word_1_114' title='bbox 1019 2482 1072 2531; x_wconf 85' lang='lat' dir='ltr'>alte</span> <span class='ocrx_word' id='word_1_115' title='bbox 1090 2480 1189 2531; x_wconf 73' lang='lat' dir='ltr'>Sctsrld</span> <span class='ocrx_word' id='word_1_116' title='bbox 1209 2459 1257 2532; x_wconf 62' lang='lat' dir='ltr'>des</span> <span class='ocrx_word' id='word_1_117' title='bbox 1271 2483 1352 2533; x_wconf 82' lang='lat' dir='ltr'>Laius</span> <span class='ocrx_word' id='word_1_118' title='bbox 1368 2502 1426 2536; x_wconf 86' lang='lat' dir='ltr'>war</span> <span class='ocrx_word' id='word_1_119' title='bbox 1442 2483 1486 2534; x_wconf 85' lang='lat' dir='ltr'>der</span> <span class='ocrx_word' id='word_1_120' title='bbox 1503 2495 1566 2538; x_wconf 78' lang='lat' dir='ltr'>errte</span> <span class='ocrx_word' id='word_1_121' title='bbox 1584 2488 1662 2560; x_wconf 46' lang='grc' dir='ltr'><strong><em>Βίης,</em></strong></span> 
     </span>
     <span class='ocr_line' id='line_1_15' title="bbox 186 2569 1662 2647; baseline -0.009 -20"><span class='ocrx_word' id='word_1_122' title='bbox 186 2575 270 2628; x_wconf 75' lang='lat' dir='ltr'>dieser</span> <span class='ocrx_word' id='word_1_123' title='bbox 286 2591 387 2646; x_wconf 75' lang='lat' dir='ltr'>ponzen</span> <span class='ocrx_word' id='word_1_124' title='bbox 400 2571 710 2643; x_wconf 64' lang='lat' dir='ltr'>setietsatwertesmnp,</span> <span class='ocrx_word' id='word_1_125' title='bbox 731 2570 775 2646; x_wconf 76' lang='lat' dir='ltr'>die</span> <span class='ocrx_word' id='word_1_126' title='bbox 792 2569 963 2642; x_wconf 72' lang='lat' dir='ltr'>Entsultmnp</span> <span class='ocrx_word' id='word_1_127' title='bbox 982 2571 1026 2624; x_wconf 75' lang='lat' dir='ltr'>des</span> <span class='ocrx_word' id='word_1_128' title='bbox 1038 2572 1182 2644; x_wconf 73' lang='lat' dir='ltr'>Pelopidas</span> <span class='ocrx_word' id='word_1_129' title='bbox 1197 2571 1358 2647; x_wconf 71' lang='lat' dir='ltr'>Chrysippus</span> <span class='ocrx_word' id='word_1_130' title='bbox 1377 2594 1425 2626; x_wconf 65' lang='lat' dir='ltr'>aas</span> <span class='ocrx_word' id='word_1_131' title='bbox 1438 2577 1503 2628; x_wconf 61' lang='lat' dir='ltr'>Pisa</span> <span class='ocrx_word' id='word_1_132' title='bbox 1519 2579 1560 2629; x_wconf 62' lang='grc' dir='ltr'>αι,</span> <span class='ocrx_word' id='word_1_133' title='bbox 1579 2589 1662 2632; x_wconf 55' lang='lat' dir='ltr'>mm</span> 
     </span>
     <span class='ocr_line' id='line_1_16' title="bbox 185 2663 1663 2742; baseline -0.003 -20"><span class='ocrx_word' id='word_1_134' title='bbox 185 2668 341 2742; x_wconf 73' lang='lat' dir='ltr'>strsiflls&#39;eltes</span> <span class='ocrx_word' id='word_1_135' title='bbox 358 2667 475 2739; x_wconf 79' lang='lat' dir='ltr'>Beispr&#39;cl</span> <span class='ocrx_word' id='word_1_136' title='bbox 499 2665 544 2716; x_wconf 82' lang='lat' dir='ltr'>der</span> <span class='ocrx_word' id='word_1_137' title='bbox 560 2665 734 2716; x_wconf 69' lang='lat' dir='ltr'>Knatentiete</span> <span class='ocrx_word' id='word_1_138' title='bbox 831 2663 892 2734; x_wconf 71' lang='lat' dir='ltr'>dafir</span> <span class='ocrx_word' id='word_1_139' title='bbox 915 2664 985 2714; x_wconf 83' lang='lat' dir='ltr'>diese</span> <span class='ocrx_word' id='word_1_140' title='bbox 1002 2663 1072 2735; x_wconf 75' lang='lat' dir='ltr'>Sapo</span> <span class='ocrx_word' id='word_1_141' title='bbox 1093 2665 1278 2736; x_wconf 75' lang='lat' dir='ltr'>ursprttnplielt</span> <span class='ocrx_word' id='word_1_142' title='bbox 1300 2667 1356 2717; x_wconf 72' lang='lat' dir='ltr'>used</span> <span class='ocrx_word' id='word_1_143' title='bbox 1370 2670 1518 2720; x_wconf 73' lang='lat' dir='ltr'>weseastlt&#39;cd</span> <span class='ocrx_word' id='word_1_144' title='bbox 1536 2671 1663 2723; x_wconf 76' lang='lat' dir='ltr'>etlsisclser</span> 
     </span>
     <span class='ocr_line' id='line_1_17' title="bbox 184 2755 1663 2834; baseline -0.002 -20"><span class='ocrx_word' id='word_1_145' title='bbox 184 2761 237 2814; x_wconf 80' lang='lat' dir='ltr'>Art</span> <span class='ocrx_word' id='word_1_146' title='bbox 259 2755 331 2820; x_wconf 74' lang='lat' dir='ltr'>auur,</span> <span class='ocrx_word' id='word_1_147' title='bbox 357 2761 391 2810; x_wconf 80' lang='lat' dir='ltr'>ist</span> <span class='ocrx_word' id='word_1_148' title='bbox 417 2759 516 2809; x_wconf 69' lang='lat' dir='ltr'>durans</span> <span class='ocrx_word' id='word_1_149' title='bbox 539 2759 613 2817; x_wconf 78' lang='lat' dir='ltr'>irlar,</span> <span class='ocrx_word' id='word_1_150' title='bbox 641 2755 702 2826; x_wconf 61' lang='lat' dir='ltr'>dati</span> <span class='ocrx_word' id='word_1_151' title='bbox 725 2757 753 2807; x_wconf 80' lang='lat' dir='ltr'>in</span> <span class='ocrx_word' id='word_1_152' title='bbox 777 2755 860 2806; x_wconf 79' lang='lat' dir='ltr'>Latos</span> <span class='ocrx_word' id='word_1_153' title='bbox 884 2755 930 2805; x_wconf 83' lang='lat' dir='ltr'>der</span> <span class='ocrx_word' id='word_1_154' title='bbox 954 2755 1050 2806; x_wconf 75' lang='lat' dir='ltr'>Feltler</span> <span class='ocrx_word' id='word_1_155' title='bbox 1072 2757 1152 2806; x_wconf 84' lang='lat' dir='ltr'>selbst</span> <span class='ocrx_word' id='word_1_156' title='bbox 1172 2757 1347 2828; x_wconf 80' lang='lat' dir='ltr'>personificr&#39;rt</span> <span class='ocrx_word' id='word_1_157' title='bbox 1371 2763 1420 2822; x_wconf 81' lang='lat' dir='ltr'>ist,</span> <span class='ocrx_word' id='word_1_158' title='bbox 1446 2761 1507 2813; x_wconf 81' lang='lat' dir='ltr'>oder</span> <span class='ocrx_word' id='word_1_159' title='bbox 1530 2763 1594 2834; x_wconf 76' lang='lat' dir='ltr'>dass</span> <span class='ocrx_word' id='word_1_160' title='bbox 1618 2765 1663 2816; x_wconf 74' lang='lat' dir='ltr'>die</span> 
     </span>
     <span class='ocr_line' id='line_1_18' title="bbox 185 2848 1663 2926; baseline -0.001 -21"><span class='ocrx_word' id='word_1_161' title='bbox 185 2855 286 2905; x_wconf 81' lang='lat' dir='ltr'>Persou</span> <span class='ocrx_word' id='word_1_162' title='bbox 310 2851 359 2902; x_wconf 76' lang='lat' dir='ltr'>dea</span> <span class='ocrx_word' id='word_1_163' title='bbox 376 2851 471 2901; x_wconf 75' lang='lat' dir='ltr'>Felster</span> <span class='ocrx_word' id='word_1_164' title='bbox 494 2850 574 2900; x_wconf 80' lang='lat' dir='ltr'>selbst</span> <span class='ocrx_word' id='word_1_165' title='bbox 598 2848 755 2908; x_wconf 55' lang='lat' dir='ltr'>bezeichnen</span> <span class='ocrx_word' id='word_1_166' title='bbox 785 2865 861 2916; x_wconf 85' lang='lat' dir='ltr'>quam</span> <span class='ocrx_word' id='word_1_167' title='bbox 885 2856 970 2900; x_wconf 87' lang='lat' dir='ltr'>tamen</span> <span class='ocrx_word' id='word_1_168' title='bbox 994 2851 1144 2900; x_wconf 87' lang='lat' dir='ltr'>sententiam</span> <span class='ocrx_word' id='word_1_169' title='bbox 1161 2851 1229 2902; x_wconf 84' lang='lat' dir='ltr'>houd</span> <span class='ocrx_word' id='word_1_170' title='bbox 1246 2854 1299 2903; x_wconf 90' lang='lat' dir='ltr'>scio</span> <span class='ocrx_word' id='word_1_171' title='bbox 1317 2870 1350 2903; x_wconf 85' lang='lat' dir='ltr'>an</span> <span class='ocrx_word' id='word_1_172' title='bbox 1367 2856 1451 2922; x_wconf 87' lang='lat' dir='ltr'>ipsum</span> <span class='ocrx_word' id='word_1_173' title='bbox 1467 2857 1519 2925; x_wconf 86' lang='lat' dir='ltr'>jam</span> <span class='ocrx_word' id='word_1_174' title='bbox 1536 2858 1663 2926; x_wconf 72' lang='lat' dir='ltr'>abjecisse</span> 
     </span>
     <span class='ocr_line' id='line_1_19' title="bbox 183 2941 1663 3016; baseline 0.003 -19"><span class='ocrx_word' id='word_1_175' title='bbox 183 2950 378 2997; x_wconf 80' lang='lat' dir='ltr'>consentaneum</span> <span class='ocrx_word' id='word_1_176' title='bbox 396 2945 443 3005; x_wconf 87' lang='lat' dir='ltr'>sit,</span> <span class='ocrx_word' id='word_1_177' title='bbox 462 2948 598 3010; x_wconf 81' lang='lat' dir='ltr'>postquam</span> <span class='ocrx_word' id='word_1_178' title='bbox 615 2943 778 3011; x_wconf 81' lang='lat' dir='ltr'>sagacissime</span> <span class='ocrx_word' id='word_1_179' title='bbox 793 2942 919 2992; x_wconf 81' lang='lat' dir='ltr'>intellexit</span> <span class='ocrx_word' id='word_1_180' title='bbox 937 2943 996 3011; x_wconf 80' lang='lat' dir='ltr'>(Ep.</span> <span class='ocrx_word' id='word_1_181' title='bbox 1015 2941 1087 3008; x_wconf 76' lang='lat' dir='ltr'>Cylsl.</span> <span class='ocrx_word' id='word_1_182' title='bbox 1106 2959 1132 3009; x_wconf 90' lang='lat' dir='ltr'>p.</span> <span class='ocrx_word' id='word_1_183' title='bbox 1147 2942 1215 3009; x_wconf 84' lang='lat'>100)</span> <span class='ocrx_word' id='word_1_184' title='bbox 1233 2944 1386 2995; x_wconf 87' lang='lat' dir='ltr'>Pisandrum</span> <span class='ocrx_word' id='word_1_185' title='bbox 1403 2947 1476 2996; x_wconf 86' lang='lat' dir='ltr'>illum</span> <span class='ocrx_word' id='word_1_186' title='bbox 1493 2952 1563 3016; x_wconf 88' lang='lat' dir='ltr'>apud</span> <span class='ocrx_word' id='word_1_187' title='bbox 1576 2951 1663 3004; x_wconf 81' lang='lat' dir='ltr'>Schol.</span> 
     </span>
     <span class='ocr_line' id='line_1_20' title="bbox 185 3032 1662 3114; baseline 0.001 -24"><span class='ocrx_word' id='word_1_188' title='bbox 185 3039 274 3104; x_wconf 81' lang='lat' dir='ltr'>Eurip.</span> <span class='ocrx_word' id='word_1_189' title='bbox 298 3036 392 3087; x_wconf 85' lang='lat' dir='ltr'>Phoen.</span> <span class='ocrx_word' id='word_1_190' title='bbox 414 3054 439 3089; x_wconf 79' lang='lat' dir='ltr'>v.</span> <span class='ocrx_word' id='word_1_191' title='bbox 458 3033 544 3096; x_wconf 79' lang='lat'><strong>1748,</strong></span> <span class='ocrx_word' id='word_1_192' title='bbox 572 3035 616 3101; x_wconf 89' lang='lat' dir='ltr'>qui</span> <span class='ocrx_word' id='word_1_193' title='bbox 640 3034 710 3084; x_wconf 81' lang='lat' dir='ltr'>solus</span> <span class='ocrx_word' id='word_1_194' title='bbox 727 3034 839 3084; x_wconf 87' lang='lat' dir='ltr'>omnium</span> <span class='ocrx_word' id='word_1_195' title='bbox 858 3032 996 3106; x_wconf 74' lang='lat' dir='ltr'>Sphingem</span> <span class='ocrx_word' id='word_1_196' title='bbox 1014 3054 1029 3085; x_wconf 83' lang='lat' dir='ltr'>a</span> <span class='ocrx_word' id='word_1_197' title='bbox 1046 3036 1145 3088; x_wconf 83' lang='lat' dir='ltr'>Jnuone</span> <span class='ocrx_word' id='word_1_198' title='bbox 1163 3036 1382 3114; x_wconf 42' lang='lat' dir='ltr'>paucordtffiad</span> <span class='ocrx_word' id='word_1_199' title='bbox 1398 3042 1570 3093; x_wconf 83' lang='lat' dir='ltr'>ulciscendam</span> <span class='ocrx_word' id='word_1_200' title='bbox 1587 3064 1662 3112; x_wconf 68' lang='lat' dir='ltr'>pm.</span> 
     </span>
     <span class='ocr_line' id='line_1_21' title="bbox 186 3130 1663 3200; baseline 0.001 -13"><span class='ocrx_word' id='word_1_201' title='bbox 186 3135 324 3196; x_wconf 78' lang='lat' dir='ltr'>dcrastiam</span> <span class='ocrx_word' id='word_1_202' title='bbox 341 3134 479 3182; x_wconf 84' lang='lat' dir='ltr'>immissam</span> <span class='ocrx_word' id='word_1_203' title='bbox 491 3131 625 3199; x_wconf 85' lang='lat' dir='ltr'>prodidit,</span> <span class='ocrx_word' id='word_1_204' title='bbox 643 3136 754 3181; x_wconf 85' lang='lat' dir='ltr'>veterem</span> <span class='ocrx_word' id='word_1_205' title='bbox 766 3130 839 3180; x_wconf 90' lang='lat' dir='ltr'>illum</span> <span class='ocrx_word' id='word_1_206' title='bbox 852 3131 1023 3182; x_wconf 83' lang='lat' dir='ltr'>Camironsem</span> <span class='ocrx_word' id='word_1_207' title='bbox 1036 3145 1090 3179; x_wconf 89' lang='lat' dir='ltr'>esse</span> <span class='ocrx_word' id='word_1_208' title='bbox 1103 3146 1153 3179; x_wconf 92' lang='lat' dir='ltr'>non</span> <span class='ocrx_word' id='word_1_209' title='bbox 1166 3146 1255 3197; x_wconf 81' lang='lat' dir='ltr'>posse,</span> <span class='ocrx_word' id='word_1_210' title='bbox 1275 3149 1324 3197; x_wconf 90' lang='lat' dir='ltr'>quo</span> <span class='ocrx_word' id='word_1_211' title='bbox 1335 3133 1403 3184; x_wconf 84' lang='lat' dir='ltr'>sacto</span> <span class='ocrx_word' id='word_1_212' title='bbox 1421 3135 1519 3200; x_wconf 90' lang='lat' dir='ltr'>primus</span> <span class='ocrx_word' id='word_1_213' title='bbox 1532 3140 1663 3200; x_wconf 86' lang='lat' dir='ltr'>omnium,</span> 
     </span>
     <span class='ocr_line' id='line_1_22' title="bbox 186 3223 1663 3298; baseline 0.001 -19"><span class='ocrx_word' id='word_1_214' title='bbox 186 3247 262 3298; x_wconf 85' lang='lat' dir='ltr'>quam</span> <span class='ocrx_word' id='word_1_215' title='bbox 277 3227 414 3294; x_wconf 75' lang='lat' dir='ltr'>Chrysippi</span> <span class='ocrx_word' id='word_1_216' title='bbox 431 3232 534 3293; x_wconf 86' lang='lat' dir='ltr'>raptum</span> <span class='ocrx_word' id='word_1_217' title='bbox 550 3241 760 3276; x_wconf 83' lang='lat' dir='ltr'>commemorasse</span> <span class='ocrx_word' id='word_1_218' title='bbox 770 3230 891 3284; x_wconf 78' lang='lat' dir='ltr'>constet,</span> <span class='ocrx_word' id='word_1_219' title='bbox 908 3224 1045 3290; x_wconf 82' lang='lat' dir='ltr'>Euripides</span> <span class='ocrx_word' id='word_1_220' title='bbox 1063 3225 1126 3282; x_wconf 87' lang='lat' dir='ltr'>erit,</span> <span class='ocrx_word' id='word_1_221' title='bbox 1145 3223 1216 3291; x_wconf 84' lang='lat' dir='ltr'>cujus</span> <span class='ocrx_word' id='word_1_222' title='bbox 1234 3225 1260 3273; x_wconf 95' lang='lat' dir='ltr'>in</span> <span class='ocrx_word' id='word_1_223' title='bbox 1277 3226 1403 3276; x_wconf 81' lang='lat' dir='ltr'>veteribus</span> <span class='ocrx_word' id='word_1_224' title='bbox 1420 3227 1513 3280; x_wconf 78' lang='lat' dir='ltr'>fatuis</span> <span class='ocrx_word' id='word_1_225' title='bbox 1530 3233 1663 3284; x_wconf 82' lang='lat' dir='ltr'>tradendis</span> 
     </span>
     <span class='ocr_line' id='line_1_23' title="bbox 185 3314 1662 3390; baseline -0.006 -18"><span class='ocrx_word' id='word_1_226' title='bbox 185 3323 287 3374; x_wconf 86' lang='lat' dir='ltr'>lieentia</span> <span class='ocrx_word' id='word_1_227' title='bbox 304 3322 367 3372; x_wconf 83' lang='lat' dir='ltr'>satis</span> <span class='ocrx_word' id='word_1_228' title='bbox 384 3327 444 3370; x_wconf 85' lang='lat' dir='ltr'>nota</span> <span class='ocrx_word' id='word_1_229' title='bbox 462 3325 516 3379; x_wconf 78' lang='lat' dir='ltr'>cst3</span> <span class='ocrx_word' id='word_1_230' title='bbox 541 3337 632 3370; x_wconf 87' lang='lat' dir='ltr'>nomen</span> <span class='ocrx_word' id='word_1_231' title='bbox 649 3324 734 3368; x_wconf 82' lang='lat' dir='ltr'>nutem</span> <span class='ocrx_word' id='word_1_232' title='bbox 751 3317 808 3388; x_wconf 86' lang='lat' dir='ltr'>Laji</span> <span class='ocrx_word' id='word_1_233' title='bbox 826 3320 873 3368; x_wconf 91' lang='lat' dir='ltr'>etsi</span> <span class='ocrx_word' id='word_1_234' title='bbox 891 3317 991 3384; x_wconf 85' lang='lat' dir='ltr'>puriter</span> <span class='ocrx_word' id='word_1_235' title='bbox 1008 3320 1037 3363; x_wconf 90' lang='lat' dir='ltr'>ut</span> <span class='ocrx_word' id='word_1_236' title='bbox 1055 3314 1141 3364; x_wconf 89' lang='lat' dir='ltr'>Laidis</span> <span class='ocrx_word' id='word_1_237' title='bbox 1160 3317 1193 3366; x_wconf 87' lang='lat' dir='ltr'>ad</span> <span class='ocrx_word' id='word_1_238' title='bbox 1210 3315 1342 3366; x_wconf 88' lang='lat' dir='ltr'>libidinem</span> <span class='ocrx_word' id='word_1_239' title='bbox 1360 3320 1451 3367; x_wconf 82' lang='lat' dir='ltr'>reterri</span> <span class='ocrx_word' id='word_1_240' title='bbox 1467 3322 1568 3387; x_wconf 86' lang='lat' dir='ltr'>patiar,</span> <span class='ocrx_word' id='word_1_241' title='bbox 1580 3317 1662 3390; x_wconf 62' lang='lat' dir='ltr'>pror.</span> 
     </span>
    </p>

    <p class='ocr_par' dir='ltr' id='par_1_7' title="bbox 160 3347 1664 3680">
     <span class='ocr_line' id='line_1_24' title="bbox 160 3347 1663 3484; baseline -0.007 -15"><span class='ocrx_word' id='word_1_242' title='bbox 160 3347 166 3452; x_wconf 60' lang='grc' dir='ltr'>Ι</span> <span class='ocrx_word' id='word_1_243' title='bbox 186 3434 229 3468; x_wconf 88' lang='lat' dir='ltr'>sus</span> <span class='ocrx_word' id='word_1_244' title='bbox 253 3397 370 3484; x_wconf 82' lang='lat' dir='ltr'>idoneam</span> <span class='ocrx_word' id='word_1_245' title='bbox 392 3414 584 3482; x_wconf 80' lang='lat' dir='ltr'>explicationem</span> <span class='ocrx_word' id='word_1_246' title='bbox 607 3411 711 3462; x_wconf 81' lang='lat' dir='ltr'>habebit</span> <span class='ocrx_word' id='word_1_247' title='bbox 728 3409 761 3461; x_wconf 82' lang='lat' dir='ltr'>ab</span> <span class='ocrx_word' id='word_1_248' title='bbox 777 3409 986 3479; x_wconf 80' lang='lat' dir='ltr'>intemperantia,</span> <span class='ocrx_word' id='word_1_249' title='bbox 1010 3427 1059 3476; x_wconf 88' lang='lat' dir='ltr'>qua</span> <span class='ocrx_word' id='word_1_250' title='bbox 1078 3409 1122 3458; x_wconf 90' lang='lat' dir='ltr'>ille</span> <span class='ocrx_word' id='word_1_251' title='bbox 1140 3411 1255 3476; x_wconf 86' lang='lat' dir='ltr'>quamvis</span> <span class='ocrx_word' id='word_1_252' title='bbox 1273 3409 1306 3458; x_wconf 87' lang='lat' dir='ltr'>ab</span> <span class='ocrx_word' id='word_1_253' title='bbox 1323 3411 1426 3463; x_wconf 89' lang='lat' dir='ltr'>oraculo</span> <span class='ocrx_word' id='word_1_254' title='bbox 1445 3415 1555 3464; x_wconf 79' lang='lat' dir='ltr'>monitus</span> <span class='ocrx_word' id='word_1_255' title='bbox 1570 3418 1663 3468; x_wconf 62' lang='lat' dir='ltr'>uxori,</span> 
     </span>
     <span class='ocr_line' id='line_1_25' title="bbox 185 3503 1664 3572; baseline -0.003 -14"><span class='ocrx_word' id='word_1_256' title='bbox 185 3525 234 3564; x_wconf 87' lang='lat' dir='ltr'>usu</span> <span class='ocrx_word' id='word_1_257' title='bbox 257 3509 385 3558; x_wconf 68' lang='lat' dir='ltr'>altstinere</span> <span class='ocrx_word' id='word_1_258' title='bbox 408 3507 503 3563; x_wconf 84' lang='lat' dir='ltr'>noluit,</span> <span class='ocrx_word' id='word_1_259' title='bbox 530 3523 576 3556; x_wconf 86' lang='lat' dir='ltr'>nee</span> <span class='ocrx_word' id='word_1_260' title='bbox 599 3505 688 3555; x_wconf 81' lang='lat' dir='ltr'>dubito</span> <span class='ocrx_word' id='word_1_261' title='bbox 713 3505 774 3572; x_wconf 82' lang='lat' dir='ltr'>quin</span> <span class='ocrx_word' id='word_1_262' title='bbox 797 3511 852 3562; x_wconf 79' lang='lat' dir='ltr'>tota</span> <span class='ocrx_word' id='word_1_263' title='bbox 876 3505 922 3554; x_wconf 84' lang='lat' dir='ltr'>illa</span> <span class='ocrx_word' id='word_1_264' title='bbox 939 3503 1069 3563; x_wconf 84' lang='lat' dir='ltr'>narratio,</span> <span class='ocrx_word' id='word_1_265' title='bbox 1095 3519 1145 3568; x_wconf 86' lang='lat' dir='ltr'>qua</span> <span class='ocrx_word' id='word_1_266' title='bbox 1162 3505 1248 3553; x_wconf 85' lang='lat' dir='ltr'>t&#39;oedos</span> <span class='ocrx_word' id='word_1_267' title='bbox 1268 3519 1403 3568; x_wconf 82' lang='lat' dir='ltr'>puerorum</span> <span class='ocrx_word' id='word_1_268' title='bbox 1419 3521 1518 3556; x_wconf 82' lang='lat' dir='ltr'>amores</span> <span class='ocrx_word' id='word_1_269' title='bbox 1535 3508 1664 3560; x_wconf 69' lang='lat' dir='ltr'>invenisne</span> 
     </span>
     <span class='ocr_line' id='line_1_26' title="bbox 184 3597 1664 3680; baseline -0.002 -27"><span class='ocrx_word' id='word_1_270' title='bbox 184 3602 313 3652; x_wconf 78' lang='lat' dir='ltr'>ferebatur</span> <span class='ocrx_word' id='word_1_271' title='bbox 336 3598 435 3667; x_wconf 81' lang='lat' dir='ltr'>(Valcls.</span> <span class='ocrx_word' id='word_1_272' title='bbox 453 3601 528 3651; x_wconf 79' lang='lat' dir='ltr'>diatr.</span> <span class='ocrx_word' id='word_1_273' title='bbox 553 3601 580 3649; x_wconf 89' lang='lat' dir='ltr'>iu</span> <span class='ocrx_word' id='word_1_274' title='bbox 596 3599 685 3667; x_wconf 86' lang='lat' dir='ltr'>Eurip.</span> <span class='ocrx_word' id='word_1_275' title='bbox 709 3616 735 3666; x_wconf 90' lang='lat' dir='ltr'>p.</span> <span class='ocrx_word' id='word_1_276' title='bbox 753 3597 816 3666; x_wconf 60' lang='lat'>25),</span> <span class='ocrx_word' id='word_1_277' title='bbox 841 3603 973 3665; x_wconf 78' lang='lat' dir='ltr'>poetarum</span> <span class='ocrx_word' id='word_1_278' title='bbox 998 3599 1098 3648; x_wconf 87' lang='lat' dir='ltr'>demum</span> <span class='ocrx_word' id='word_1_279' title='bbox 1122 3603 1167 3646; x_wconf 88' lang='lat' dir='ltr'>aut</span> <span class='ocrx_word' id='word_1_280' title='bbox 1184 3597 1355 3665; x_wconf 84' lang='lat' dir='ltr'>sophistarum</span> <span class='ocrx_word' id='word_1_281' title='bbox 1372 3599 1511 3652; x_wconf 79' lang='lat' dir='ltr'>obscaenas</span> <span class='ocrx_word' id='word_1_282' title='bbox 1528 3603 1664 3680; x_wconf 75' lang='lat' dir='ltr'>sedulitati</span> 
     </span>
    </p>
   </div>
   <div class='ocr_carea' id='block_1_7' title="bbox 186 3785 1667 4135">
    <p class='ocr_par' dir='ltr' id='par_1_8' title="bbox 186 3785 1667 4135">
     <span class='ocr_line' id='line_1_27' title="bbox 186 3785 1665 3855; baseline -0.001 -17"><span class='ocrx_word' id='word_1_283' title='bbox 186 3791 255 3842; x_wconf 84' lang='lat' dir='ltr'>dium</span> <span class='ocrx_word' id='word_1_284' title='bbox 274 3786 444 3854; x_wconf 84' lang='lat' dir='ltr'>quaerendum</span> <span class='ocrx_word' id='word_1_285' title='bbox 460 3787 538 3836; x_wconf 78' lang='lat' dir='ltr'>luisse</span> <span class='ocrx_word' id='word_1_286' title='bbox 556 3790 702 3848; x_wconf 84' lang='lat' dir='ltr'>censerent,</span> <span class='ocrx_word' id='word_1_287' title='bbox 725 3787 877 3853; x_wconf 86' lang='lat' dir='ltr'>praesertim</span> <span class='ocrx_word' id='word_1_288' title='bbox 901 3804 978 3853; x_wconf 89' lang='lat' dir='ltr'>quum</span> <span class='ocrx_word' id='word_1_289' title='bbox 996 3803 1038 3837; x_wconf 88' lang='lat' dir='ltr'>eos</span> <span class='ocrx_word' id='word_1_290' title='bbox 1057 3785 1210 3837; x_wconf 85' lang='lat' dir='ltr'>Boeotorum</span> <span class='ocrx_word' id='word_1_291' title='bbox 1228 3801 1311 3836; x_wconf 87' lang='lat' dir='ltr'>mores</span> <span class='ocrx_word' id='word_1_292' title='bbox 1329 3787 1355 3834; x_wconf 92' lang='lat' dir='ltr'>in</span> <span class='ocrx_word' id='word_1_293' title='bbox 1373 3787 1420 3836; x_wconf 89' lang='lat' dir='ltr'>hoe</span> <span class='ocrx_word' id='word_1_294' title='bbox 1437 3803 1530 3855; x_wconf 77' lang='lat' dir='ltr'>genere</span> <span class='ocrx_word' id='word_1_295' title='bbox 1547 3789 1665 3838; x_wconf 82' lang='lat' dir='ltr'>norimus</span> 
     </span>
     <span class='ocr_line' id='line_1_28' title="bbox 186 3875 1667 3953; baseline 0.001 -23"><span class='ocrx_word' id='word_1_296' title='bbox 186 3881 264 3947; x_wconf 73' lang='lat' dir='ltr'>(etat.</span> <span class='ocrx_word' id='word_1_297' title='bbox 283 3879 370 3947; x_wconf 82' lang='lat' dir='ltr'>Symp.</span> <span class='ocrx_word' id='word_1_298' title='bbox 387 3894 413 3945; x_wconf 87' lang='lat' dir='ltr'>p.</span> <span class='ocrx_word' id='word_1_299' title='bbox 428 3877 528 3938; x_wconf 70' lang='lat'><strong>{8283</strong></span> <span class='ocrx_word' id='word_1_300' title='bbox 553 3877 650 3928; x_wconf 77' lang='lat' dir='ltr'>Aelian.</span> <span class='ocrx_word' id='word_1_301' title='bbox 668 3877 706 3953; x_wconf 48' lang='lat' dir='ltr'>v„</span> <span class='ocrx_word' id='word_1_302' title='bbox 717 3878 751 3928; x_wconf 81' lang='lat' dir='ltr'>lt.</span> <span class='ocrx_word' id='word_1_303' title='bbox 769 3879 837 3928; x_wconf 86' lang='lat' dir='ltr'>Xlll.</span> <span class='ocrx_word' id='word_1_304' title='bbox 855 3879 899 3947; x_wconf 75' lang='grc' dir='ltr'>ὅ),</span> <span class='ocrx_word' id='word_1_305' title='bbox 922 3885 952 3928; x_wconf 88' lang='lat' dir='ltr'>ut</span> <span class='ocrx_word' id='word_1_306' title='bbox 967 3879 1060 3946; x_wconf 89' lang='lat' dir='ltr'>reliqui</span> <span class='ocrx_word' id='word_1_307' title='bbox 1079 3877 1170 3930; x_wconf 87' lang='lat' dir='ltr'>Graeci</span> <span class='ocrx_word' id='word_1_308' title='bbox 1193 3879 1219 3927; x_wconf 89' lang='lat' dir='ltr'>in</span> <span class='ocrx_word' id='word_1_309' title='bbox 1236 3875 1335 3928; x_wconf 86' lang='lat' dir='ltr'>homine</span> <span class='ocrx_word' id='word_1_310' title='bbox 1352 3877 1473 3928; x_wconf 85' lang='lat' dir='ltr'>Thebano</span> <span class='ocrx_word' id='word_1_311' title='bbox 1489 3879 1552 3928; x_wconf 84' lang='lat' dir='ltr'>nihil</span> <span class='ocrx_word' id='word_1_312' title='bbox 1569 3880 1667 3931; x_wconf 86' lang='lat' dir='ltr'>melius</span> 
     </span>
     <span class='ocr_line' id='line_1_29' title="bbox 186 3969 1665 4040; baseline -0.003 -16"><span class='ocrx_word' id='word_1_313' title='bbox 186 3980 332 4040; x_wconf 77' lang='lat' dir='ltr'>exspectare</span> <span class='ocrx_word' id='word_1_314' title='bbox 348 3973 492 4038; x_wconf 85' lang='lat' dir='ltr'>potuerint,</span> <span class='ocrx_word' id='word_1_315' title='bbox 515 3971 583 4020; x_wconf 84' lang='lat' dir='ltr'>idem</span> <span class='ocrx_word' id='word_1_316' title='bbox 600 3977 684 4022; x_wconf 90' lang='lat' dir='ltr'>tamen</span> <span class='ocrx_word' id='word_1_317' title='bbox 702 3973 730 4022; x_wconf 85' lang='lat' dir='ltr'>in</span> <span class='ocrx_word' id='word_1_318' title='bbox 747 3973 861 4039; x_wconf 88' lang='lat' dir='ltr'>ipsorum</span> <span class='ocrx_word' id='word_1_319' title='bbox 879 3969 1058 4022; x_wconf 83' lang='lat' dir='ltr'>Thebanorum</span> <span class='ocrx_word' id='word_1_320' title='bbox 1074 3969 1169 4020; x_wconf 80' lang='lat' dir='ltr'>fabulis</span> <span class='ocrx_word' id='word_1_321' title='bbox 1187 3969 1299 4040; x_wconf 83' lang='lat' dir='ltr'>vindicta</span> <span class='ocrx_word' id='word_1_322' title='bbox 1317 3969 1402 4018; x_wconf 83' lang='lat' dir='ltr'>dirim</span> <span class='ocrx_word' id='word_1_323' title='bbox 1422 3970 1526 4039; x_wconf 78' lang='lat' dir='ltr'>dignum</span> <span class='ocrx_word' id='word_1_324' title='bbox 1543 3969 1665 4022; x_wconf 82' lang='lat' dir='ltr'>habitum</span> 
     </span>
     <span class='ocr_line' id='line_1_30' title="bbox 187 4059 1024 4135; baseline -0.004 -20"><span class='ocrx_word' id='word_1_325' title='bbox 187 4083 242 4117; x_wconf 85' lang='lat' dir='ltr'>esse</span> <span class='ocrx_word' id='word_1_326' title='bbox 258 4084 358 4118; x_wconf 88' lang='lat' dir='ltr'>omnem</span> <span class='ocrx_word' id='word_1_327' title='bbox 376 4066 452 4116; x_wconf 88' lang='lat' dir='ltr'>tidem</span> <span class='ocrx_word' id='word_1_328' title='bbox 471 4067 588 4131; x_wconf 85' lang='lat' dir='ltr'>superet;</span> <span class='ocrx_word' id='word_1_329' title='bbox 616 4065 647 4114; x_wconf 77' lang='lat' dir='ltr'>et.</span> <span class='ocrx_word' id='word_1_330' title='bbox 665 4069 690 4116; x_wconf 86' lang='lat' dir='ltr'>et</span> <span class='ocrx_word' id='word_1_331' title='bbox 708 4064 774 4116; x_wconf 85' lang='lat' dir='ltr'>Plut.</span> <span class='ocrx_word' id='word_1_332' title='bbox 792 4065 822 4117; x_wconf 89' lang='lat' dir='ltr'>V.</span> <span class='ocrx_word' id='word_1_333' title='bbox 841 4065 928 4135; x_wconf 86' lang='lat' dir='ltr'>Pelop.</span> <span class='ocrx_word' id='word_1_334' title='bbox 946 4081 967 4116; x_wconf 87' lang='lat' dir='ltr'>c.</span> <span class='ocrx_word' id='word_1_335' title='bbox 981 4059 1024 4118; x_wconf 76' lang='lat' dir='ltr'>lll&#39;.</span> 
     </span>
    </p>
   </div>
   <div class='ocr_carea' id='block_1_8' title="bbox 0 0 1846 4624">
    <p class='ocr_par' dir='ltr' id='par_1_9' title="bbox 0 0 1846 4624">
     <span class='ocr_line' id='line_1_31' title="bbox 0 0 1846 4624; baseline 0 0"><span class='ocrx_word' id='word_1_336' title='bbox 0 0 1846 4624; x_wconf 95' lang='lat' dir='ltr'> </span> 
     </span>
    </p>
   </div>
  </div>
 </body>
</html>
