3684 4624
782 339 1057 506 <tar-'-

109 691 120 710 .
179 623 328 725 passim
342 621 447 698 inter
461 620 630 721 impiam
645 617 825 696 filiorum
841 603 1125 718 negligentiam
1143 631 1183 694 et
1196 616 1458 719 inexspectata
1477 623 1654 703 filiarum

178 771 309 852 officia
341 771 517 850 instituit
543 770 614 868 6ἢ),
647 770 781 872 aliqua
812 789 908 846 suae
935 766 1121 848 fortunae
1150 770 1372 848 recordatio
1398 771 1544 863 subsit,
1577 795 1656 872 qua

178 885 393 1002 senectutis
416 919 572 1012 solatia,
598 941 701 1019 quae
721 941 744 996 a
762 918 941 1018 legitimo
960 915 1045 995 filio
1065 940 1222 1018 sperare
1239 917 1421 1008 debebat,
1445 940 1473 995 a
1490 919 1654 1020 spuriis,

177 1074 291 1152 unde
322 1061 495 1147 minime
529 1067 742 1170 exspectari
776 1079 981 1166 poterant,
1018 1067 1230 1168 acciperem
1271 1067 1383 1166 quod
1415 1068 1488 1144 etsi
1523 1069 1656 1146 neuti-

179 1244 304 1322 quam
337 1219 473 1320 ipsum
504 1219 614 1319 apud
646 1229 884 1318 spectatores
917 1215 1032 1316 queri
1065 1215 1239 1293 voluisse
1271 1230 1481 1316 putamus,
1517 1182 1669 1302 animo¹

179 1383 316 1448 tamen
336 1369 442 1444 senis
462 1368 570 1444 inter
586 1365 846 1442 scribendum
862 1361 1061 1439 obversari
1082 1374 1121 1436 et
1138 1361 1315 1450 colorem
1336 1363 1492 1462 scriptis
1510 1367 1655 1444 addere

181 1529 496 1596 consentaneum
523 1527 617 1592 erat.
666 1511 879 1590 Difficilior
904 1508 1109 1609 explicatio
1135 1523 1195 1586 est
1220 1533 1383 1603 eorum,
1416 1534 1518 1612 quae
1543 1514 1654 1592 Anti-

180 1634 284 1765 gone
310 1664 407 1741 dicit
432 1665 480 1762 (v.
499 1665 598 1732 itan
616 1663 741 1761 sqq.)r
1306 1653 1307 1656 ’

432 1806 515 1888 ἀλλ’
543 1813 588 1888 sa
614 1805 758 1886 αὐτόν·
773 1793 775 1798 ’
790 1805 863 1886 εἰσὶ
887 1800 1077 1906 χάτέροις
1100 1803 1217 1903 γοναὶ
1240 1777 1373 1902 uasat,
1493 1863 1495 1870 ,

431 1955 497 2034 καὶ
521 1953 655 2051 θυμὸς
679 1950 796 2050 ὀξΰς,
829 1950 932 2034 ἀλλὰ
954 1949 1262 2050 voossvoopsvot

312 2071 314 2076 Ι
431 2105 562 2208 φίλων
586 2109 762 2204 ἐπῳδαῖς
787 2099 1046 2206 ἑξεπᾴδονται
1071 2097 1213 2201 petilian:

182 2275 284 2356 quae
302 2277 432 2357 quum
450 2248 680 2342 manifestas
704 2251 965 2352 experimenti
985 2262 1099 2329 notas
1120 2275 1213 2351 prae
1233 2274 1275 2328 se
1295 2250 1440 2347 lerant,
1468 2257 1655 2334 animum

179 2414 317 2484 lamen
338 2391 387 2480 ab
411 2424 459 2478 eo
475 2423 599 2503 qrrem
617 2363 798 2503 proxime
815 2401 1098 2501 explicavimus
1116 2426 1284 2500 prorsus
1301 2403 1506 2482 diversum
1523 2417 1655 2482 osten·

181 2555 303 2644 dunt,
329 2567 449 2652 atque
468 2555 589 2632 etiam
608 2553 643 2628 si
663 2551 710 2628 ex
728 2566 859 2630 vetere
879 2573 1042 2653 quaque
1062 2553 1291 2630 narratione
1313 2555 1389 2630 sub
1408 2553 1536 2632 finem
1557 2558 1658 2635 vitae

181 2701 226 2776 in
244 2699 410 2799 gratiam
424 2698 665 2799 Sophoclem
683 2725 778 2776 sum
790 2701 991 2802 Iophonte
1006 2700 1169 2778 rediisse
1186 2702 1421 2801 colligamus
1435 2702 1507 2799 6ὅ),
1523 2705 1659 2786 nescio

183 2846 390 2951 quomodo
413 2846 595 2946 displicet
618 2845 686 2926 illa
706 2826 933 2949 palinodiae
957 2852 1124 2952 species,
1150 2877 1273 2952 quam
1297 2855 1331 2930 si
1350 2855 1501 2954 abipsa
1519 2857 1659 2957 poitae

182 3019 311 3074 manu
335 2993 555 3096 profectam
580 3007 867 3110 statueremus,
901 3011 1110 3098 parentem
1136 3003 1324 3084 cecinisse
1350 3021 1511 3082 necesse
1536 3019 1658 3099 esset3

184 3165 309 3246 quare
332 3143 451 3220 nobis
479 3145 646 3243 quidem
678 3147 782 3226 nihil
807 3150 1054 3250 probabilius
1079 3151 1254 3245 videtur,
1288 3178 1411 3254 quam
1436 3153 1534 3231 haec
1558 3175 1658 3255 quo·

183 3320 266 3400 que
295 3318 318 3374 a
341 3294 501 3394 juniore
526 3297 721 3399 Sophocle
745 3301 961 3400 postmodo
985 3300 1134 3380 inserta
1158 3323 1260 3391 esse,
1294 3303 1365 3401 qui
1390 3327 1520 3402 quum
1541 3303 1659 3382 intel·

186 3445 324 3545 ligeret
360 3457 597 3544 spectatores
633 3446 678 3521 in
714 3459 823 3528 tanta
858 3450 1000 3528 veteris
1034 3449 1146 3530 illius
1182 3448 1395 3531 simultatis
1436 3425 1658 3530 celebritate

251 3768 300 3838 Μ)
318 3770 357 3824 Gi.
373 3771 500 3842 imprimis
517 3787 541 3824 v.
551 3769 609 3824 Mb
619 3785 675 3840 sqq.
691 3769 748 3824 458
759 3788 814 3840 sqq,
831 3771 904 3825 *isal
916 3790 973 3844 sqq.

252 3881 302 3954 δῦ)
326 3887 457 3956 Siquidem
477 3887 534 3955 ipss
551 3884 650 3955 lophon
666 3886 737 3954 apud
753 3885 885 3940 Valerium
901 3889 1041 3942 numm
1058 3906 1102 3952 es,
1127 3905 1194 3960 qnae
1207 3907 1284 3962 supra
1300 3911 1332 3946 ex
1348 3897 1438 3948 ecdem
1454 3896 1604 3957 sennium,
1627 3910 1660 3948 ns

183 3990 273 4062 ignota
293 3989 405 4058 posteris
426 3987 533 4047 hena,
557 3989 675 4059 sepulcro
696 3990 781 4056 patris
801 3991 968 4062 inscripsisse
991 3994 1087 4058 ierim
1109 3995 1143 4048 d.
1160 3995 1262 4050 Boeeltlt
1286 3999 1318 4050 ‹lc
1336 3999 1413 4072 Trsg.
1432 3999 1543 4051 Gmecae
1564 3999 1660 4066 princi·

183 4088 261 4157 pibus
277 4104 305 4157 p.
318 4086 379 4140 156.

1239 4177 1262 4240 8
