3684 4624
793 403 1103 488 ..106-

207 611 387 711 qtramvis
421 611 572 688 diversa
606 615 682 689 sub
714 614 844 713 speeie
875 604 1016 689 omnes
1044 629 1177 694 tamen
1204 621 1412 694 communi
1442 619 1692 700 tellustrium

206 757 429 833 numinum
468 760 613 834 timore
652 762 1036 863 reconditarumque
1074 780 1240 842 naturae
1280 769 1429 844 virium
1469 775 1691 850 reverentie

204 907 362 1006 junctas
388 907 512 986 fuisse
536 912 827 1006 intelleximus,
855 943 985 1014 (prum
1011 916 1096 994 aliis
1112 917 1161 992 ¹in
1188 916 1285 991 locis
1310 930 1398 990 tum
1426 917 1572 992 Thebis
1594 941 1688 994 eam

205 1057 464 1156 potissimum
504 1059 566 1133 vel
606 1061 803 1157 originem
843 1061 1031 1139 habuisse
1069 1063 1130 1138 rel
1171 1061 1343 1139 formem
1382 1065 1597 1164 occepisse,
1636 1081 1689 1139 ut

205 1207 291 1280 vim
316 1203 514 1280 infernam
535 1207 739 1308 imprimis
761 1208 880 1284 etiam
896 1178 1101 1307 ¹pestilenti
1123 1211 1190 1285 illa
1214 1211 1428 1309 putredine
1450 1211 1560 1286 cerni
1584 1211 1686 1286 arbi-

207 1365 424 1442 trarentur,
451 1377 552 1453 quae
577 1355 620 1430 in
647 1356 745 1431 locis
768 1357 949 1436 humidis
974 1381 1017 1432 ac
1041 1359 1235 1455 depressis
1260 1384 1304 1434 ex
1322 1358 1499 1436 sontium
1520 1363 1687 1436 scaturi-

204 1500 296 1600 gine
335 1523 614 1610 equarumque
649 1505 898 1579 terrestrium
933 1507 1248 1604 stegnationihus
1285 1511 1381 1584 oriri
1419 1511 1535 1599 solet,
1575 1535 1688 1587 eam-

205 1675 283 1750 que
309 1647 492 1725 draconis
517 1648 691 1748 imagine
714 1674 955 1749 expressam,
984 1651 1124 1746 eodem
1148 1654 1272 1729 modo
1298 1679 1380 1750 quo
1407 1680 1526 1755 supra
1551 1654 1685 1731 fontes

205 1826 406 1904 equorum
439 1802 607 1876 nomine
640 1803 853 1902 insignitos
878 1804 1074 1896 vidimus,
1107 1817 1216 1902 petre
1242 1817 1399 1880 tantum
1426 1807 1470 1879 in
1496 1806 1686 1904 pestilen-

202 1953 279 2028 tiae
302 1951 635 2050 significationem
660 1961 847 2042 mutato„
864 1953 913 2027 ad
932 1943 1137 2027 Tellurem
1158 1966 1346 2044 matrem,
1373 1977 1494 2052 quam
1514 1956 1686 2031 eandem

122 2115 124 2119 ‘
169 2119 298 2173 ‘cum
332 2103 474 2183 Cerere
506 2112 544 2172 et
570 2098 692 2192 Eriny
726 2097 953 2173 habendam
986 2123 1070 2172 esse
1102 2077 1301 2190 diximus,¹
1332 2078 1536 2176 referrent.
1588 2101 1685 2176 Del-

202 2243 371 2344 phicum
397 2256 500 2316 certe
526 2244 741 2319 draconem
768 2243 855 2341 ipso
881 2245 1050 2320 nomine
1075 2271 1150 2320 suo
1177 2249 1433 2347 putredinem
1461 2249 1685 2348 exprimere

205 2393 297 2468 satis
324 2403 478 2465 constat
496 2388 580 2486 ί96),
606 2414 689 2464 neu
716 2391 806 2490 quis
834 2405 981 2466 temere
1003 2392 1181 2492 Delphos
1198 2396 1395 2495 Apollinis
1423 2397 1555 2472 sedem
1583 2421 1684 2471 cum

205 2540 324 2618 sacris
358 2537 527 2614 infernis
564 2532 759 2612 confundi
796 2551 955 2636 arguat,
996 2539 1108 2614 unde
1145 2541 1249 2615 nihil
1284 2542 1354 2618 illo
1391 2544 1559 2619 alienius
1595 2568 1686 2620 esse

203 2705 374 2794 poterat,
402 2703 493 2767 onte
509 2687 738 2790 Apollinem
762 2687 836 2763 alia
854 2690 1027 2766 numina
1045 2691 1196 2767 ibidem
1216 2693 1320 2768 culta
1339 2717 1525 2768 essenon
1545 2694 1684 2769 solum

203 2862 575 2882 Μ

273 2951 338 3018 1⁴28)
357 2953 428 3002 liene
447 2950 641 3020 originationem
655 2948 710 3016 jem
727 2947 836 3014 hymnus
849 2947 922 2998 Hom.
941 2951 967 3000 iu
980 2951 1064 3018 Apoll.
1076 2969 1100 3003 ν.
1113 2951 1169 3003 565
1181 2969 1236 3020 sqq.
1256 2956 1370 3020 quemvis
1388 2957 1422 3005 cd
1438 2959 1566 3005 mortuum
1580 2955 1687 3004 demum

204 3053 339 3100 draconem
357 3063 503 3098 conversam
520 3046 631 3104 indicet,
649 3043 716 3092 unde
734 3037 844 3092 Peucen.
863 3044 895 3092 X.
913 3040 939 3093 6.
958 3042 990 3092 5=
1016 3040 1102 3110 λόγος
1119 3044 1165 3110 δὲ,
1193 3037 1226 3104 ὃς
1243 3040 1303 3112 ἧκεν
1321 3041 1375 3099 τῶν
1391 3043 1550 3112 ἀνθρώπων
1569 3041 1598 3103 ἐς
1616 3042 1685 3104 τούς

204 3138 346 3204 πολλοὺς,
373 3137 419 3192 τὸν
442 3133 496 3188 ὑπὸ
520 3130 754 3201 τοῠἍπόλᾹωνος
779 3129 950 3189 τοξευθέντα
975 3131 1119 3200 σήπεσθαί
1139 3144 1223 3202 φησιν
1245 3133 1388 3203 ἐνταῦθα,
1414 3138 1462 3188 καὶ
1480 3135 1527 3187 dael
1547 3133 1631 3188 rorico
1650 3136 1685 3188 τὸ

205 3225 297 3295 ὄνομα
314 3225 346 3296 τῇ
363 3228 443 3280 πόλει
460 3227 592 3294 γενέσθαι
606 3225 717 3279 Πυθώ·
750 3224 898 3278 πύθεσθαι
915 3226 969 3294 yde
989 3227 1021 3293 δή
1042 3228 1075 3280 τοὶ
1095 3229 1238 3297 σηπόμενοι
1257 3229 1286 3281 οἱ
1302 3230 1364 3282 τότε
1382 3227 1494 3297 ἔλεγον,
1521 3236 1546 3280 et
1563 3230 1687 3280 Eustcth.

203 3327 237 3375 ed
250 3325 369 3383 Iliada,
386 3340 409 3374 ν.
422 3323 492 3374 519:
517 3320 627 3372 Πυθών
644 3317 751 3389 ἐκλήθη
770 3319 818 3372 ded
838 3319 886 3374 τὸν
904 3315 962 3373 ἐκεῖ
976 3320 1144 3381 τοξευθέντα
1163 3318 1207 3376 ὑπ’
1217 3321 1389 3384 Ἀπόλλωνος
1405 3327 1454 3376 καὶ
1472 3324 1595 3377 οοιπέντο
1617 3324 1685 3391 deci·

203 3433 304 3482 κοντα,
331 3411 369 3476 ὥς
393 3412 423 3466 ἐκ
441 3410 491 3467 τοῦ
513 3411 598 3466 miso
616 3413 648 3466 τὸ
668 3413 758 3480 evinco:
788 3433 853 3481 qnae
870 3417 920 3466 etsi
937 3419 1052 3485 proxime
1069 3419 1104 3467 nd
1121 3419 1210 3468 orbern
1228 3425 1327 3469 tentum
1345 3425 1475 3485 spectent,
1502 3423 1587 3470 tamen
1604 3420 1686 3470 etiam

204 3489 338 3564 draconem
362 3515 484 3577 apparet,
511 3512 532 3559 si
556 3512 658 3576 quidem
681 3511 767 3575 ipsum
784 3508 915 3565 Πυθῶνα
936 3510 1094 3575 appellatum
1117 3528 1173 3560 esee
1196 3515 1296 3560 constat
1326 3511 1368 3574 (cf.
1386 3509 1516 3561 llluueher.
1535 3513 1569 3561 ad
1585 3512 1687 3582 Hygini.

203 3619 229 3672 p.
246 3602 316 3664 9085
346 3602 427 3669 lleyn.
450 3602 484 3652 cd
501 3602 621 3668 Apollod.
641 3603 660 3652 l.
678 3601 706 3655 4.
727 3603 769 3665 l),
795 3621 846 3654 non
870 3603 929 3653 urbi
947 3604 1023 3654 modo
1041 3603 1177 3667 putredine
1198 3617 1243 3650 sun
1262 3617 1352 3650 nornen
1369 3601 1508 3663 indidisse,
1535 3606 1580 3654 sed
1598 3606 1688 3670 ipsum

197 3682 277 3766 'quasi
294 3698 454 3764 putredinem
471 3698 498 3750 in
516 3714 543 3746 se
560 3698 689 3748 continere
701 3697 827 3748 detenet.
859 3699 945 3765 Quem
963 3694 1030 3742 enim
1047 3692 1093 3742 alii
1111 3693 1291 3761 etymologiam
1307 3695 1440 3759 proferunt
1458 3695 1491 3743 nh
1509 3699 1627 3762 eoquod
1645 3705 1689 3750 est

176 3772 183 3815 ⁸¹
203 3785 402 3842 πυνθάνεσθαι
422 3787 573 3855 (Schwcnelr
585 3788 688 3856 etymol.
701 3788 808 3856 mythol,
820 3787 931 3839 nudent.
949 3803 975 3852 p.
988 3786 1071 3852 205),
1091 3787 1147 3855 jum
1164 3789 1263 3853 antiqui
1280 3787 1459 3839 intellexerunt
1477 3790 1519 3856 (cf.
1533 3789 1626 3843 Streho
1636 3793 1687 3856 1x‚

184 3858 230 3956 ip.
247 3881 315 3950 419)
339 3883 375 3932 ite
398 3886 497 3936 tantum
518 3881 580 3930 ferri
602 3897 691 3948 posse,
717 3888 746 3940 ut
771 3883 884 3948 priorem
901 3881 1027 3950 syllohom
1045 3898 1092 3948 per
1107 3882 1237 3933 licentiam
1252 3883 1379 3948 poitieenr
1397 3883 1506 3950 produci
1524 3889 1688 3950 smtnamns3

203 3994 281 4045 quere
307 3977 387 4027 satius
411 3977 460 4026 crit
483 3977 510 4027 in
535 3975 615 4026 alters
638 3976 812 4044 acquievisse,
838 3993 902 4042 quae
927 3975 1111 4038 etiauOvieti
1127 3975 1184 4028 loeo
1201 3976 1227 4026 in
1244 3976 1348 4028 nreun.
1364 3975 1383 4024 l.
1401 3973 1525 4043 dllisqq.
1543 3979 1688 4030 admodum

204 4073 374 4124 conlimatur.
