3684 4624
763 389 832 474 “-
894 404 995 513 un
1038 455 1087 492 -.

202 637 336 698 dmiim
353 621 521 710 videtur,
541 619 743 718 Oedipum
760 619 805 697 in
819 619 993 718 Sphinge
1009 614 1241 694 debellanda
1256 618 1402 716 pariter
1416 617 1679 694 utCadmum

201 773 244 845 in
277 769 448 846 dracone
479 765 700 842 occidendo
725 765 929 842 Minervae
958 762 1126 838 consilio
1153 763 1336 860 adjutum
1363 766 1441 842 dici
1470 766 1556 862 lli),
1590 767 1679 863 ipsa
1714 759 1717 768 ’

201 915 389 1017 Sphingis
406 926 445 991 et
461 912 610 1010 species
626 924 665 986 et
681 889 954 990 denominatio
974 912 1085 990 illam
1105 917 1344 991 sententiam
1363 939 1487 1015 quam
1505 915 1677 992 maxime

202 1061 510 1150 commendant3
551 1058 681 1136 forma
713 1071 816 1134 certe
850 1059 1029 1160 proxime
1066 1060 1114 1134 ad
1151 1085 1238 1136 eam
1272 1062 1441 1150 accedit,
1477 1085 1600 1159 quam
1630 1061 1676 1134 in

204 1210 415 1286 Chimaera
443 1220 482 1282 et
504 1206 683 1285 Echidna
709 1208 875 1307 aliisque
907 1207 1100 1308 portentis
1133 1210 1359 1300 cernimus,
1393 1233 1496 1308 quae
1520 1209 1677 1285 dudum

204 1358 253 1434 ad
287 1357 388 1431 vires
423 1369 589 1432 naturae
628 1357 903 1431 subterraneas
941 1355 1063 1431 relata
1099 1369 1195 1429 sunt
1228 1355 1315 1452 116);
1357 1380 1510 1430 nomen
1545 1369 1684 1432 autem

203 1487 335 1606 primo
351 1505 551 1604 ,adspectu
575 1505 684 1580 velut
707 1508 909 1606 Anginam
936 1505 1113 1603 aliquam
1140 1505 1330 1594 declarat,
1363 1529 1465 1603 quae
1492 1505 1682 1581 homines

205 1654 516 1752 constringendo
550 1651 756 1729 suffocarit
790 1667 908 1752 atque
943 1655 1116 1732 enecarit
1147 1653 1234 1747 ¹4⁷),
1270 1679 1353 1729 neu
1380 1655 1470 1753 quis
1503 1679 1589 1731 eam
1615 1679 1679 1728 ex-

206 1819 318 1880 terna
336 1803 510 1903 quadam
529 1803 793 1880 similitudine
809 1806 1001 1883 inductus
1021 1831 1066 1881 ex
1080 1805 1365 1904 Aegyptiorum
1382 1805 1517 1904 potius
1534 1830 1682 1882 monu-

207 1952 355 2062 mentis
382 1935 504 2050 quam
527 1955 769 2028 Graecorum
796 1955 968 2054 ingeniis
992 1954 1257 2054 repetendam
1274 1965 1431 2029 censeat
1448 1949 1534 2050 ¹⁴⁸),
1563 1953 1684 2053 longe

1498 2101 1506 2126 1

278 2173 343 2240 tad)
369 2175 407 2223 De
423 2173 519 2224 Cadmo
536 2174 664 2223 Minervae
681 2172 794 2222 consiliis
811 2171 899 2238 adjuto
917 2175 949 2224 51.
966 2174 1055 2240 Eurip.
1074 2173 1169 2224 Phoco.
1194 2189 1217 2225 v.
1237 2170 1291 2224 671
1310 2178 1336 2223 et
1354 2173 1472 2240 Apollod.
1489 2173 1532 2224 lll.
1550 2173 1578 2224 d.
1596 2174 1628 2234 1,
1652 2176 1684 2226 de

166 2291 170 2302 ·
210 2266 313 2332 Oedipo
330 2263 509 2323 l‘lriloelroruin
526 2265 596 2329 opud
611 2260 728 2314 Natalem
746 2261 869 2314 Comitem
886 2267 918 2316 de
935 2265 1041 2332 Mptlml.
1059 2267 1104 2318 lx.
1124 2265 1172 2326 18:
1197 2263 1368 2316 Philochorus
1392 2265 1420 2314 iu
1444 2265 1510 2314 libro
1535 2263 1566 2314 dc
1581 2263 1685 2333 sacrifi-

211 2357 260 2406 ciis
277 2355 411 2406 Mineruae
433 2356 539 2407 consilio
563 2354 678 2406 edoctum
697 2351 826 2425 Oedipum
850 2355 934 2424 iuquit
959 2357 1079 2410 societate
1097 2357 1207 2427 rapinae
1225 2354 1349 2406 sisnulutn
1368 2372 1395 2405 se
1412 2353 1450 2406 ud
1466 2353 1605 2426 Sphiupcm
1622 2371 1682 2404 cors-

212 2447 303 2498 tulisse
326 2453 403 2516 atque
426 2451 500 2500 suavis
523 2467 623 2522 seraper
646 2453 724 2502 sociis
742 2448 843 2519 Oedipo
861 2467 888 2500 se
905 2448 1061 2502 addentibus
1080 2450 1188 2520 denique
1206 2450 1286 2524 illan
1297 2467 1354 2500 cum
1369 2467 1466 2520 mopso
1483 2467 1585 2500 sucrum
1601 2466 1683 2500 urassu

210 2540 376 2610 oppressisse.
410 2540 462 2592 Alii
479 2545 604 2594 somnium
621 2549 741 2604 narrant,
763 2547 793 2593 ut
810 2543 919 2592 Pausan.
936 2543 981 2591 lx.
999 2541 1089 2594 9119.
1479 2545 1491 2550 ”

283 2642 348 2711 116)
372 2644 410 2695 De
428 2645 549 2716 Sphingis
565 2647 647 2697 torma
664 2648 721 2698 vide
738 2645 890 2713 Apollodori
906 2645 991 2698 locum
1007 2646 1083 2695 modo
1100 2647 1152 2694 not.
1166 2643 1220 2695 159
1236 2644 1383 2704 laudatum,
1401 2645 1468 2694 unde
1485 2643 1561 2692 simul
1578 2647 1686 2710 apparet

213 2737 290 2787 etism
312 2739 382 2805 opud
399 2740 514 2790 Tzetzcm
537 2744 571 2792 nd
588 2740 713 2808 Lycophr.
739 2740 798 2790 n'l
820 2741 921 2790 inverso
945 2739 1035 2790 ordine
1052 2737 1190 2807 legendum
1207 2754 1275 2788 csse:
1306 2735 1354 2804 τήν
1378 2738 1407 2789 di
1425 2733 1541 2804 Σφίγγα
1559 2736 1687 2803 λέγουσιν

213 2827 289 2895 ἔχειν
311 2828 386 2893 εἶδος
411 2827 530 2886 ὄπισθεν
551 2833 602 2898 μὲν
623 2834 752 2900 λέοντος,
779 2831 924 2902 ἔμπροσθε
942 2834 972 2885 di
990 2827 1162 2900 ἀνθρώπου,
1189 2827 1418 2899 pondaticom,
1444 2833 1583 2900 πτέρυγας
1601 2827 1686 2884 αἐτοῡ

213 2922 261 2972 καὶ
279 2920 395 2974 rocuu'ru
413 2923 556 2991 τεράστιας
580 2925 644 2976 ulios
661 2926 735 2997 largn
752 2943 829 2975 inuno
845 2927 974 2995 congessit
991 2924 1098 2976 Vossius
1115 2924 1132 2973 l.
1146 2941 1168 2974 c.
1185 2924 1215 2974 Τ.
1228 2925 1265 2984 ll,
1282 2941 1308 2990 p.
1322 2924 1357 2974 19
1368 2951 1401 2962 -
1411 2925 1464 2986 51,
1479 2910 1590 2992 'quorum
1610 2942 1688 2976 unum

213 3020 313 3062 tautum
337 3017 466 3083 usurpabo
484 3019 603 3069 Pisandri
625 3021 694 3086 apud
713 3019 796 3070 Sclrol.
813 3017 908 3069 l‘liocn.
930 3035 953 3069 v.
973 3015 1059 3078 1⁷48,
1083 3019 1127 3083 qui
1150 3035 1200 3068 non
1220 3015 1302 3068 leonis
1321 3020 1367 3069 scd
1383 3019 1522 3070 drucucnae
1540 3021 1647 3070 caudam
1664 3020 1689 3070 ei

214 3103 320 3164 tribuit,
345 3112 373 3176 pt
397 3109 479 3178 major
500 3109 577 3160 etium
602 3110 742 3164 similitudo
766 3110 871 3161 exsistat
895 3127 953 3160 cum
977 3111 1101 3180 Typhone
1125 3117 1151 3162 ct
1175 3109 1304 3173 Echidna,
1329 3129 1406 3180 quum
1428 3111 1556 3164 Hesiodus
1581 3111 1693 3184 (Theop.

215 3215 237 3250 v.
251 3196 317 3264 998)
334 3199 431 3265 pariter
449 3207 525 3268 atque
542 3201 687 3255 Herodotus
705 3201 762 3268 (lv.
777 3201 816 3269 9.)
834 3201 950 3268 appellat

571 3291 657 3362 ἥμισυ
683 3295 734 3362 μὲν
756 3293 865 3362 νύμφην
887 3293 1039 3348 ἑλικώπιδα
1061 3293 1268 3364 καλλιπάρῃον,

572 3383 658 3459 ἥμισυ
676 3390 699 3443 d
717 3379 782 3444 adse
797 3390 922 3457 πέλωρον
940 3383 1005 3457 ὅφιν
1021 3388 1111 3442 δεινόν
1127 3403 1156 3439 τε
1172 3387 1260 3456 μέγαν
1277 3403 1320 3456 τε,

217 3492 297 3542 neque
314 3477 438 3546 Pythonis
462 3482 508 3533 illa
525 3487 626 3554 gemina
644 3484 776 3555 Delphyne
800 3489 842 3553 (51.
859 3493 912 3539 not.
931 3487 994 3553 156)
1019 3486 1249 3546 buciliensis,
1279 3501 1354 3552 quom
1371 3483 1545 3552 Apollodorus
1566 3493 1591 3536 ct
1607 3487 1691 3553 ipsam

219 3569 349 3641 ἡμίθηρα
366 3574 449 3643 κόρην
465 3579 594 3644 appollon
619 3580 665 3629 lias
689 3598 776 3632 omnes
796 3587 884 3632 autsm
907 3583 1005 3647 puriter
1021 3597 1051 3632 sc
1070 3579 1230 3630 Chimaeram
1254 3580 1288 3628 ud
1304 3585 1388 3630 terrae
1406 3583 1490 3628 motos
1508 3584 1534 3629 et
1550 3579 1607 3630 locu
1625 3581 1689 3650 igui-

217 3685 292 3720 voma
308 3671 435 3734 pertinere
452 3663 525 3723 deute
542 3675 628 3724 docuit
646 3673 677 3725 G.
695 3673 855 3726 Hermannus
873 3673 984 3739 Opuscc.
1003 3673 1033 3722 Τ.
1047 3673 1084 3728 11,
1102 3692 1129 3742 p.
1142 3673 1193 3724 181
1206 3690 1260 3740 sqq.
1294 3649 1297 3662 Ι

288 3771 352 3837 117)
371 3771 411 3822 nh
430 3790 460 3825 55
478 3777 546 3841 quod
565 3782 603 3828 est
621 3773 743 3846 σφίγγα»,
764 3795 848 3848 napos
873 3777 905 3830 ci.
918 3775 1017 3826 liliillcr.
1030 3775 1150 3828 Orcheni.
1168 3792 1193 3842 p.
1208 3773 1255 3825 {el
1276 3779 1301 3824 et
1318 3772 1458 3825 Hermanni
1474 3775 1589 3841 Opuscc.
1608 3774 1638 3824 T.
1654 3772 1691 3834 ll,

218 3884 244 3935 p.
264 3863 322 3918 185.

290 3959 355 4024 148)
380 3961 437 4023 Sic,
461 3967 490 4011 ut
508 3962 572 4013 alios
590 3964 702 4024 mittum,
728 3980 791 4032 quos
809 3969 863 4016 tota
879 3963 1033 4032 placitorum
1052 3975 1154 4011 suorum
1171 3961 1238 4010 ratio
1256 3961 1282 4010 in
1300 3958 1364 4011 hunc
1383 3961 1532 4011 sententiam
1547 3939 1693 4012 incombere

189 4041 196 4053 ’
221 4055 343 4126 cogebat,
369 4056 410 4108 vel
427 4055 554 4124 lluuptius
578 4058 605 4106 in
622 4055 738 4124 Quaestt.
757 4057 874 4124 Aeschyl.
899 4073 966 4125 spec.
989 4054 1041 4116 lll,
1066 4071 1093 4123 p.
1111 4053 1146 4104 lV
1170 4059 1196 4106 et
1212 4054 1352 4130 Mullsrus?
1379 4070 1453 4122 quem
1477 4054 1557 4122 miror
1578 4053 1597 4105 l.
1616 4053 1633 4103 l.
1657 4054 1693 4104 it·
