3684 4624
783 405 1099 491 ..agas

187 632 300 714 facile
326 625 467 708 adduci
493 639 631 724 posse,
655 632 704 698 ut
726 619 771 696 in
793 617 937 716 Oedipi
963 617 1077 694 dictis
1103 615 1163 694 ari
1189 617 1375 694 animum
1400 619 1444 693 in
1472 633 1668 720 patruum

186 793 466 884 agnoscerent,
499 785 539 850 ct
568 775 653 872 ipse
686 771 761 848 sibi
788 769 1011 868 Antigonae
1036 751 1120 844 sub'
1138 791 1328 868 persona,
1359 769 1405 842 in
1432 792 1512 868 qua
1537 770 1668 870 ipsius

186 955 319 1010 mores
343 951 463 1006 avum
487 922 723 1022 expressisse
739 921 864 998 modo
882 917 1146 1018 conjecimus,
1172 918 1541 997 reconciliationem
1558 921 1668 998 inter

185 1080 276 1156 illos
293 1075 437 1153 factam
455 1071 595 1148 callide
612 1069 901 1150 testificandam
919 1069 1120 1145 sumserit
1158 1073 1311 1144 Verum
1328 1069 1446 1160 haec,
1470 1070 1663 1170 quoniam

185 1229 231 1304 in
262 1194 501 1324 suspicione
521 1232 681 1297 tantum
710 1218 839 1318 posita
870 1228 986 1305 sunt,
1021 1213 1182 1312 longius
1215 1217 1400 1316 persequi
1435 1241 1550 1295 nunc
1579 1243 1664 1296 non

187 1380 320 1469 lubet3
351 1376 402 1454 ad
428 1386 594 1451 aetatem
619 1369 776 1448 fabulae
801 1380 849 1444 ut
872 1365 1102 1453 redeamus,
1136 1377 1220 1440 erat
1244 1389 1375 1463 quum
1403 1387 1449 1441 ex
1472 1341 1562 1467 ipso
1587 1370 1667 1450 hoc

187 1526 336 1627 judicio
373 1519 691 1600 adversariorum
728 1515 873 1594 rationi
908 1511 1181 1613 patrocinium
1216 1512 1400 1590 accedere
1438 1516 1667 1612 arbitrarer,

188 1681 221 1754 si
255 1696 393 1751 recens
422 1682 566 1746 natum
598 1678 788 1765 nepotem
820 1660 869 1738 ab
901 1685 973 1739 avo
1000 1660 1197 1762 Sophocle
1226 1662 1276 1739 ad
1304 1663 1472 1742 curiales
1498 1665 1665 1746 allatum

68 1859 70 1866 >
189 1846 273 1903 esse
303 1833 590 1907 statueremus3
635 1839 758 1916 quem
795 1813 907 1888 enim
942 1810 1006 1886 Ol.
1034 1814 1173 1887 XCIV.
1205 1819 1230 1884 5
1269 1811 1446 1890 fabulam
1479 1817 1665 1896 docuisse

189 1987 362 2062 constat,
397 1993 479 2069 quo
508 1981 688 2065 tempore
719 1961 944 2039 minimum
976 1961 1224 2038 vicenarium
1249 1983 1335 2039 esse
1365 1966 1571 2064 oportebat
1592 1963 1664 2060 ⁶⁴),

187 2125 223 2200 is
248 2129 338 2220 post
363 2117 428 2194 Ol.
450 2118 652 2192 LXXXIX
683 2125 802 2190 natus
834 2134 919 2187 esse
949 2133 1035 2187 non
1065 2124 1237 2211 poterat;
1276 2115 1499 2192 accuratius
1528 2129 1662 2195 tamen

189 2293 232 2344 re
261 2285 456 2366 perpensa
491 2263 568 2337 hoc
605 2283 768 2361 quoque
803 2273 1088 2360 argumentum
1119 2263 1337 2362 repudiavi.
1399 2269 1520 2344 Recte
1551 2271 1663 2346 enim

189 2417 268 2516 jam
296 2417 471 2492 Meierus
500 2404 550 2508 6ὅ)
583 2412 878 2503 animadvertit,
912 2422 1075 2486 mortuo
1108 2411 1275 2490 demum
1301 2415 1486 2494 Aristone
1510 2419 1663 2519 sopho·-

190 2564 292 2643 clem
318 2560 660 2638 introductionem
686 2561 797 2638 illam
822 2559 960 2636 fecisse
984 2560 1127 2652 videri,
1155 2581 1258 2661 quae
1283 2587 1414 2662 quum
1440 2567 1663 2665 adoptionis

188 2713 361 2792 formam
378 2726 542 2812 propter
556 2711 688 2788 filitun
706 2710 933 2810 legitimum
951 2709 1098 2786 habere
1114 2727 1200 2784 non
1216 2713 1367 2810 po‘sset,
1385 2724 1476 2811 post
1491 2727 1664 2791 mortem

190 2866 357 2942 demum
382 2863 504 2964 patris
529 2863 604 2939 suh
629 2860 776 2938 tutelae
801 2860 931 2960 specie
957 2856 1008 2932 ad
1032 2877 1153 2933 avum
1176 2855 1345 2948 redibat3
1376 2857 1508 2936 Aristo
1534 2862 1663 2954 enim,

191 3015 291 3090 dum
311 3014 480 3104 vivebat,
508 3013 603 3112 quia
626 3011 788 3112 spurius
814 2975 913 3101 erat,
940 3007 1088 3107 etipse
1113 3008 1223 3084 ouria
1251 3010 1408 3086 carebat
1430 3033 1507 3088 nec
1532 3011 1663 3090 filium

189 3166 342 3242 ineam
363 3164 558 3240 adducere
582 3175 753 3264 poterat,
780 3174 945 3238 mortuo
968 3170 1103 3235 autem
1126 3159 1215 3258 ipso
1236 3157 1420 3238 fraudem
1440 3163 1519 3265 legi
1538 3163 1664 3244 facere

191 3329 300 3414 pater
329 3328 500 3414 poterat,
532 3317 632 3394 dum
657 3314 790 3391 filium
814 3315 874 3391 illi
907 3337 954 3390 ex
978 3310 1151 3388 muliere
1176 3311 1259 3387 cive
1285 3312 1441 3413 riteque
1467 3316 1663 3416 desponsa

192 3465 416 3562 quaesitum
444 3487 528 3540 esse
552 3461 717 3561 juraret;
753 3462 862 3561 quod
889 3461 961 3538 etsi
988 3461 1151 3562 quando
1176 3457 1326 3537 factum
1354 3462 1422 3547 sit,
1456 3488 1531 3563 pro
1557 3477 1664 3541 certo

258 3775 309 3845 dd)
333 3778 508 3833 Trieeoerium
531 3793 632 3831 necesse
656 3781 738 3839 esset,
761 3779 785 3830 si
806 3791 894 3830 verum
917 3775 1067 3829 tradidisset
1089 3775 1188 3829 Petito·
1210 3776 1290 3850 lagg.
1307 3777 1361 3832 Ait.
1379 3781 1398 3833 1.
1417 3781 1441 3834 Ι.
1458 3779 1512 3844 at,
1536 3798 1563 3850 p.
1580 3773 1618 3834 tt
1634 3801 1668 3836 ex

192 3874 276 3930 setol.
299 3873 429 3942 aristoph
453 3871 537 3928 tutti
561 3889 585 3926 t.
601 3873 674 3937 350,
702 3890 777 3942 quom
801 3878 886 3926 unta
909 3877 978 3924 reete
1002 3873 1127 3926 ramus
1150 3873 1252 3926 videtur
1274 3871 1378 3928 Glintoo
1395 3873 1466 3927 Fut.
1484 3871 1553 3924 nott.
1577 3869 1608 3924 T.
1627 3872 1669 3934 il,

191 3985 217 4037 p.
234 3965 297 4018 tvl.

259 4081 307 4151 ot)
322 4081 362 4132 De
379 4078 467 4150 gentil.
484 4077 537 4132 att
554 4094 579 4147 p.
593 4075 636 4130 te.
