3684 4624
585 391 1065 493 ⁸..rrr-

167 631 375 719 monstris,
402 630 549 728 quibus
576 639 742 704 naturae
764 624 867 700 vires
890 622 1131 721 perniciosas
1154 623 1322 722 exprimi
1352 625 1443 700 satis
1472 643 1642 719 constat,

166 803 249 853 non
277 778 397 876 stirpe
422 777 546 853 modo
567 773 639 866 140)
666 795 809 848 verum
838 769 958 846 etiain
988 769 1077 848 loco
1108 771 1268 870 situque
1297 773 1516 848 arctissime
1548 799 1641 852 eon-

164 925 277 1024 jungi
310 925 416 1022 apud
446 937 595 998 veteres
625 921 819 997 videmus.
881 918 969 1030 Sive
1003 920 1113 996 enim
1146 921 1380 1019 Euripidem
1414 924 1643 1022 sequimur,

165 1071 267 1149 circa
293 1073 507 1150 Dircaeum
533 1069 686 1146 fontem
713 1070 858 1168 etipsa
883 1045 1128 1158 versabatur,
1155 1094 1278 1168 quam
1306 1072 1642 1186 draconispMartii

165 1225 301 1299 sedem
319 1221 503 1321 superius
527 1220 788 1319 cog'novimus
806 1218 893 1315 141),
921 1221 1000 1296 sire
1021 1222 1293 1320 plurimorum
1316 1235 1526 1298 auctorum
1547 1250 1641 1301 con·

165 1397 330 1448 sensum
359 1371 482 1446 secuti
512 1371 555 1444 in
588 1383 728 1470 monte
754 1368 864 1444 illam
892 1371 1157 1460 collocamus,
1185 1371 1255 1470 qui
1279 1371 1462 1471 Sphingii
1488 1393 1641 1453 nornen

165 1522 213 1596 ab
241 1519 307 1594 illa
337 1519 549 1616 accepisset
578 1493 665 1610 ¹4²),
699 1516 795 1591 huic
828 1517 912 1615 ipse
942 1520 1142 1596 Hesiodus
1172 1520 1352 1618 proxime
1384 1523 1536 1600 addidit
1566 1534 1641 1628 Ty-

163 1672 386 1772 phaonium
404 1667 491 1764 Μ5),
517 1667 587 1741 ubi
609 1666 757 1764 pariter
777 1677 820 1742 ac
842 1669 918 1740 sub
937 1669 1062 1745 Aetna
1078 1669 1231 1745 Siciliae
1246 1657 1640 1772 monte'Typhonem

164 1819 372 1896 conditum
391 1818 512 1894 latere
529 1817 719 1893 volebant
739 1815 826 1921 Μὴ
854 1831 979 1919 utque
998 1823 1177 1914 mittam,
1206 1824 1315 1922 quod
1336 1847 1380 1899 ex
1402 1827 1639 1907 confirsione

162 2099 185 2135 v,
199 2080 270 2132 1⁷48
289 2082 332 2145 (ci.
349 2086 401 2131 not.
416 2077 476 2145 tta)
497 2084 523 2129 el
539 2078 658 2145 Apollod.
679 2078 720 2127 lll.
738 2077 764 2131 3.
782 2076 814 2128 8:
840 2077 949 2144 ἕκιμψι
970 2077 1024 2147 γοίρ
1038 2073 1108 2148 Ἥρα
1125 2077 1256 2146 Σφίγγα,
1283 2075 1299 2148 ἦ
1322 2083 1428 2150 μητρός
1445 2084 1496 2148 μὲν
1515 2083 1639 2155 Ἐχίδνης

161 2163 210 2240 ἦν,
234 2172 341 2242 καιρός
367 2174 396 2224 δὲ
425 2169 573 2240 ἵὶιφῶνος·
599 2169 658 2237 εἶχε
683 2172 712 2224 δὲ
735 2170 885 2239 κρόςωιιον
903 2173 954 2235 μὲν
971 2169 1120 2237 γυναικός,
1146 2167 1253 2238 οτήθος
1272 2172 1302 2224 δὲ
1318 2173 1366 2224 καὶ
1383 2172 1470 2238 βοίοιν
1486 2176 1533 2228 καί
1551 2175 1640 2245 ου’ροίν

162 2266 273 2326 λέοντος
290 2266 338 2318 καί
355 2267 491 2334 πτέρυγας
510 2259 636 2333 ὄρνιθος.
667 2261 733 2316 ΙΛΙίί
750 2268 783 2316 ad
802 2266 921 2316 Liberum
939 2262 1083 2316 referebant
1107 2265 1149 2332 (cl.
1169 2265 1253 2316 Schol.
1272 2267 1376 2317 llesiod.
1395 2267 1492 2338 Theog.
1515 2285 1538 2319 ν.
1555 2269 1638 2337 526),

162 2378 236 2427 quem
252 2362 347 2426 passim
365 2361 533 2412 Cadmeorum
551 2359 645 2409 fabulis
662 2360 803 2408 immixtum
821 2357 854 2408 ab
870 2357 917 2408 hae
935 2357 1097 2422 quaestione,
1121 2373 1153 2408 ne
1170 2358 1270 2408 diverso
1288 2360 1510 2422 confunderemus,
1532 2380 1638 2429 prorsus

161 2455 342 2525 sejungendum
359 2455 484 2502 duximus.

229 2554 298 2622 tto)
316 2553 488 2618 Apollodorus
506 2552 602 2612 tiliam,
620 2552 748 2604 Hesiodus
760 2558 862 2620 neptem
874 2550 1007 2618 Typhonis
1023 2558 1112 2603 narrat
1128 2570 1159 2603 ex
1176 2554 1230 2605 lilio
1241 2525 1354 2613 Orthro,
1372 2556 1442 2620 quod
1454 2561 1543 2608 eodem
1555 2563 1638 2612 redire

159 2649 235 2699 facile
248 2650 371 2713 apparet;
390 2661 472 2710 neque
490 2643 556 2693 illucl
573 2660 619 2694 nos
636 2649 720 2695 movet
737 2646 807 2710 quod
824 2662 855 2695 ex
867 2643 973 2692 Hesiodi
990 2642 1074 2692 verbis
1091 2639 1136 2692 alii
1148 2643 1290 2693 Eclridnam
1302 2645 1348 2694 ulii
1359 2645 1519 2696 Chimaeram
1530 2657 1638 2702 matrem

160 2739 333 2808 collegerunt,
353 2736 386 2785 cl'.
400 2734 506 2784 Matzett
523 2736 555 2785 dc
573 2735 670 2784 emend.
682 2733 778 2806 Theop.
796 2753 822 2802 p·
833 2733 906 2793 lon
930 2732 1086 2799 Apollodoro
1104 2739 1173 2784 certe
1190 2734 1306 2793 Echidna
1322 2752 1380 2784 cum
1391 2736 1513 2802 Euripide
1531 2739 1636 2804 (Phoen.

159 2851 183 2882 v.
198 2830 280 2896 tosa)
306 2829 446 2882 communis
469 2833 524 2888 est,
550 2828 667 2896 quodque
689 2827 760 2879 hic
752 2845 856 2896 insuper
878 2826 952 2876 addit
975 2820 1028 2892 νοῖς
1053 2823 1198 2891 λόχευμα,
1225 2827 1280 2874 et
1272 2842 1355 2893 ipsum
1379 2827 1520 2878 rationibus
1543 2835 1637 2884 uostris

160 2926 285 2976 universis
309 2927 402 2974 mirum
425 2929 547 2989 quantum
572 2923 695 2974 convenit.
737 2923 873 2974 Praeterea
895 2920 1166 2980 instauraturus,
1191 2922 1306 2986 quodex
1327 2927 1424 2987 septem
1441 2923 1549 2974 ducibus
1567 2932 1637 2995 apud

160 3017 328 3086 Aeschylum,
353 3019 396 3084 qui
414 3017 515 3066 Thebas
534 3017 734 3086 aggrediuntur,
760 3017 939 3084 Hippomedon
956 3013 1104 3081 Typhonis,
1127 3012 1334 3080 Parthenopaeus
1352 3014 1473 3086 Sphingis
1491 3019 1593 3088 signnm
1610 3023 1637 3072 ἰιι

160 3117 232 3166 scuto
248 3113 331 3182 gerit,
355 3114 385 3160 ut
401 3109 459 3160 hine
477 3125 577 3175 quoque
595 3107 747 3159 verisimile
765 3108 811 3157 liat
830 3114 964 3174 utrumque
982 3109 1080 3174 pariter
1096 3105 1224 3157 Thebanis
1241 3109 1360 3158 infestum
1379 3111 1459 3160 risum
1477 3130 1541 3164 esso.

228 3212 292 3291 ml
315 3213 404 3278 Eurip.
423 3210 551 3262 Phoeniss.
575 3226 598 3260 r.
617 3209 704 3261 1051:
729 3208 870 3278 Διρκαίων
887 3201 907 3260 οἳ
925 3207 986 3262 κοτ’
1004 3206 1034 3262 ἐκ
1051 3206 1143 3264 τόκων
1160 3208 1239 3269 νέους
1260 3206 1418 3278 κιδαίρονό
1437 3205 1544 3283 ἄλυρον
1560 3216 1635 3286 cippi

157 3302 268 3372 μοῦσαν
286 3300 423 3370 ὀλομέναν
441 3297 464 3352 δ’
482 3296 586 3370 Ἐρινύν
604 3299 699 3369 ἔφερες
716 3299 812 3368 ἔφερες
830 3295 904 3366 ἄχεα
922 3300 1033 3370 πατρίδι
1050 3319 1075 3354 κ.
1092 3318 1114 3354 τ.
1128 3302 1154 3355 λ.

228 3405 292 3469 142)
310 3404 413 3454 Tzetzes
431 3404 465 3451 ad
482 3399 608 3467 Lycophr.
626 3399 692 3451 ni:
717 3393 786 3467 αὕτη
803 3399 914 3468 λῃστρὶς
931 3389 966 3470 ἦν
982 3402 1059 3472 καροί
1077 3402 1127 3472 τήν
1143 3405 1278 3486 Μ-ονοίρρν
1293 3405 1398 3473 χωρίον
1416 3409 1520 3477 Θηβῶν
1536 3415 1584 3479 κα)
1601 3416 1631 3468 ω’
1658 3421 1709 3462 f
1745 3417 1748 3425 “
1816 3455 1818 3462 ,

159 3493 259 3551 Φίκιον
276 3488 342 3565 ὄρος
359 3495 407 3546 καὶ
425 3489 519 3561 οίνῄρει
537 3493 603 3552 τούς
618 3492 771 3559 παριόντας
788 3512 813 3547 κ.
828 3510 852 3546 τ.
867 3493 892 3547 λ.
923 3497 962 3548 De
973 3497 1065 3549 Moahe
1077 3499 1141 3549 nihil
1158 3505 1289 3566 praeterea
1302 3508 1416 3564 constat,
1437 3503 1536 3560 Φίκιον
1548 3516 1633 3564 autem

157 3610 205 3659 pro
222 3587 351 3659 Σφιγγίῳ
373 3591 470 3640 dietum
495 3593 534 3640 est
557 3595 587 3639 ut
613 3585 670 3646 Φίξ
695 3606 742 3656 pro
767 3607 797 3641 eo
822 3591 892 3657 quod
915 3594 954 3640 est
976 3587 1087 3657 Σφίνξι
1112 3592 1144 3641 os.
1170 3590 1295 3643 Graevius
1319 3595 1353 3643 ad
1377 3595 1479 3646 llesiod.
1504 3599 1631 3670 Theogan.

156 3701 179 3734 v.
192 3681 248 3733 52ss
265 3689 291 3734 et
307 3681 426 3733 Valcken.
444 3682 478 3732 ad
495 3682 584 3749 Eur-ip.
603 3682 697 3736 Phoern
714 3703 738 3737 v.
752 3683 813 3736 815.

226 3789 291 3856 145)
309 3790 412 3840 llesiod.
432 3789 500 3848 seut.
519 3789 594 3840 llere.
612 3805 637 3840 r.
648 3787 699 3838 ,Ὧι
728 3785 805 3852 τιίχοι
822 3783 845 3838 8
863 3783 905 3844 tao
926 3785 1096 3854 Ὶϋφαόνιον,
1116 3785 1188 3866 τόθι
1204 3785 1227 3838 δ’
1245 3775 1325 3847 αὖτις

513 3877 612 3934 Φίκιον
628 3875 782 3948 ἀκρότατον
798 3880 992 3949 κροςιβήσοιτο
1009 3881 1124 3950 μητιέτα
1142 3882 1225 3944 Ζεύς.

223 3977 289 4044 itt)
308 3975 479 4028 8ο1ιο1.Ρίιιι1.
498 3975 603 4042 olymp.
622 3975 664 4024 lv.
684 3973 731 4024 ll:
754 3969 823 4026 ἔνιοι
841 3973 871 4025 δὲ
889 3972 918 4028 ἐν
930 3974 1129 4043 Πιθηκούσσας
1147 3974 1219 4044 φασί
1235 3975 1284 4031 τόν
1301 3976 1418 4047 Άιφιίνα
1508 3979 1536 4032 οἱ
1554 3982 1584 4033 di
1599 3964 1631 4036 is

151 4066 190 4138 τῴ
210 4063 267 4137 ὄριι
284 4067 321 4138 τῷ
338 4065 410 4122 narsi
429 4066 585 4122 Βοιωτίανι
611 4070 642 4120 al.
660 4067 759 4120 Mulier.
777 4066 894 4120 Orabam.
911 4089 936 4138 p.
948 4069 1000 4132 82,
