3674 4636
802 407 1082 493 ..50-

211 620 351 720 quovis
369 631 546 720 tempore
564 619 682 695 scribi
698 618 906 718 potuerint
917 615 986 715 ³⁸);
1010 618 1158 718 quibus
1176 621 1368 696 omnibus
1387 620 1559 698 collectis
1576 619 1689 700 illud

209 772 349 870 utique
370 771 518 848 lucrari
541 771 657 846 nobis
683 770 956 859 videmur,*ut
977 764 1130 840 etiamsi
1150 766 1226 865 ipsi
1246 766 1414 843 internis
1433 773 1687 867 argumentis

209 931 466 995 externorum
498 918 621 994 fidem
651 941 737 993 non
768 935 1008 1015 magnopere
1040 934 1278 1010 augeamus,
1313 930 1448 993 tamen
1479 930 1519 994 et
1544 931 1686 998 contra

207 1067 305 1144 haec
338 1065 444 1140 nihil
474 1065 570 1140 inde
591 1066 700 1139 'certi
733 1063 893 1163 prodire
923 1059 1205 1157 intelligamus.
1257 1065 1400 1138 Unum
1426 1076 1565 1155 restat,
1597 1090 1683 1164 quo

208 1222 444 1293 Hermanno
471 1217 571 1292 duce
594 1215 643 1312 56)
677 1229 716 1291 et
740 1215 939 1314 Reisigius
971 1227 1010 1287 et
1032 1213 1255 1289 Bocckhius
1281 1213 1361 1288 nisi
1387 1227 1502 1305 sunt,
1535 1238 1680 1292 nume-

208 1389 348 1442 rorum
367 1363 648 1455 conformatio,
675 1390 777 1465 qttae
796 1366 855 1442 illi
872 1379 1039 1441 aetatem
1055 1366 1118 1442 Ol.
1131 1369 1331 1442 LXXXIX
1345 1365 1406 1442 vel
1419 1371 1486 1442 XC
1501 1367 1680 1466 priorem

206 1517 373 1617 prodere
405 1517 629 1606 videbatur,
664 1516 822 1616 ipsique
852 1517 1107 1593 numerando
1138 1517 1389 1607 invenimus,
1423 1543 1551 1617 qctitm
1583 1518 1680 1592 Phi-

206 1667 363 1760 locteta,
386 1685 509 1767 quam
519 1663 583 1741 Ol.
593 1667 705 1740 XCII
718 1666 864 1741 editam
882 1687 966 1740 esse
980 1678 1150 1756 constat,
1173 1677 1336 1741 centum
1349 1664 1489 1763 viginti
1505 1676 1679 1764 quatuor

206 1819 426 1896 solutiones
444 1815 662 1903 contineat,
679 1814 724 1888 in
739 1812 894 1910 Oedipo
908 1816 1088 1891 Colonen
1102 1815 1147 1890 in
1162 1814 1314 1912 majore
1327 1838 1488 1891 versum
1502 1837 1682 1892 numero

206 1967 405 2066 octoginta
430 1976 589 2040 tantum
616 1973 768 2035 exstare
790 1959 860 2058 ³⁷);
900 1976 1074 2043 attamen
1101 1965 1339 2064 Sophoclem
1365 1987 1418 2040 ne
1442 1966 1486 2038 in
1511 1965 1562 2039 iis
1590 1965 1676 2064 qui-

205 2116 298 2191 dem
330 2111 494 2202 fabulis,
532 2132 630 2210 quos
662 2120 753 2185 ante
784 2110 848 2185 Ol.
873 2115 1074 2192 LXXXIX
1105 2116 1323 2228 scripserit,
1358 2115 1432 2190 hac
1460 2115 1505 2189 in
1530 2137 1574 2188 re
1599 2113 1674 2188 sibi

206 2261 446 2350 constitisse,
471 2257 614 2356 Oedipi
629 2259 804 2355 Tyranni
820 2284 916 2335 cum
931 2264 1129 2362 Antigona
1146 2262 1388 2361 comparatio
1405 2282 1482 2336 nos
1499 2260 1675 2352 edocuit,

205 2431 380 2511 quarum
406 2405 525 2483 altera
549 2407 695 2504 pariter
721 2410 941 2510 octoginta,
965 2412 1083 2489 altera
1104 2413 1363 2512 quadraginta
1384 2425 1542 2489 tantum
1565 2410 1674 2486 solu·

201 2564 330 2639 tiones
359 2559 497 2649 habct3
528 2571 712 2656 recteque
737 2559 900 2634 monuit
925 2560 1151 2636 Schultzius
1170 2559 1224 2654 58)
1250 2559 1356 2635 nihil
1383 2560 1558 2652 obstare,
1590 2584 1673 2659 quo

201 2716 338 2790 minus
356 2679 490 2811 polita,
515 2709 586 2809 qui
607 2708 706 2784 olim
730 2710 903 2809 optimos
924 2737 1061 2788 versus
1083 2711 1238 2802 feccrit,
1263 2711 1382 2787 etiam
1406 2719 1525 2785 senex
1546 2707 1671 2786 factus

200 2871 245 2945 in
269 2865 521 2966 reliquorum
547 2864 736 2937 omnium
763 2863 1019 2963 corruptione
1045 2861 1174 2935 bonos
1201 2855 1337 2948 faciat,
1371 2879 1415 2935 ea
1439 2857 1671 2958 pracsertim

267 3123 315 3193 53)
340 3125 463 3190 Appositc
480 3123 590 3174 netem
608 3119 671 3171 ibid.
689 3137 716 3188 p.
726 3119 791 3172 2⁷&
815 3137 844 3172 so
862 3121 942 3172 bliebe
959 3118 1028 3168 deun
1045 3137 1095 3171 nur
1114 3117 1155 3169 dte
1172 3116 1313 3168 renuntiate
1329 3115 1503 3188 Erwc'ilcnunp
1521 3116 1602 3168 dieses
1621 3115 1670 3168 Ge·

199 3217 350 3288 riaeMsltofes
372 3218 407 3266 ins
426 3215 543 3286 Oedipum
565 3214 620 3283 auf
630 3213 743 3266 Kolonos
765 3215 858 3284 obuy,
884 3215 925 3264 ein
942 3212 1101 3284 Argum,
1126 3211 1218 3264 dassen
1234 3209 1373 3262 salonae
1390 3209 1478 3262 nocta
1500 3211 1580 3261 selbot
1596 3228 1670 3262 am-

199 3313 291 3372 loenut3
309 3311 378 3362 &nn
392 3307 519 3360 waltrliclt
534 3309 573 3358 cie
588 3307 658 3359 kann
676 3309 739 3358 eben
755 3324 785 3359 co
801 3307 861 3358 sear
875 3307 923 3374 {io
940 3301 981 3356 dte
993 3301 1136 3357 senionem
1155 3302 1200 3354 des
1217 3300 1447 3353 aristolcrata'scloen
1463 3301 1583 3354 meum
1602 3301 1669 3352 uncle

199 3405 279 3454 ciuem
303 3398 532 3453 artuolrattscten
548 3397 649 3462 natae,
672 3399 715 3450 als
730 3399 778 3468 fier
795 3398 845 3450 das
862 3407 994 3451 ermom
1009 3397 1133 3449 Amant
1151 3395 1196 3448 des
1213 3397 1308 3446 lettera
1324 3396 1400 3446 cireen
1416 3393 1605 3468 Bewet'sgmnd
1620 3395 1667 3445 ab·

198 3494 285 3565 gelren.

265 3584 314 3652 56)
332 3585 371 3635 Cf.
389 3585 484 3651 Oedipi
502 3585 616 3652 Tyranni
632 3587 769 3638 editionem
786 3585 901 3640 llrfnrdt
919 3586 1040 3656 majorem
1055 3602 1081 3654 p.
1092 3582 1156 3636 478.

266 3683 313 3751 57)
337 3685 400 3735 lure
423 3686 546 3736 muamus
570 3685 680 3753 Gruppii
701 3689 828 3756 judicium
849 3690 878 3741 in
892 3689 1004 3741 Atindm
1027 3705 1052 3754 p.
1065 3685 1134 3738 267:
1160 3686 1196 3735 im
1218 3685 1395 3738 kolcnet'seltm
1414 3685 1532 3759 Oedipus
1552 3687 1671 3760 dageqon

198 3779 253 3834 und
274 3781 310 3830 im
325 3777 454 3830 Ptttoetet
476 3779 538 3831 tired
561 3779 604 3830 dte
620 3779 706 3832 Metro
730 3783 809 3834 aelon
832 3792 913 3836 etwas
937 3781 1062 3837 netem,
1084 3776 1236 3846 fonnloscr,
1261 3771 1333 3828 nicht
1355 3778 1426 3828 metr
1449 3779 1517 3830 med
1534 3779 1581 3831 dea·
1598 3781 1671 3832 alten

197 3871 308 3942 Strenpe
319 3871 429 3941 gelant,
446 3890 473 3923 cs
487 3873 618 3942 bepepnen
628 3871 761 3944 dcinfipcre
773 3874 968 3944 Anfldsunpcn,
984 3869 1056 3920 melta·
1065 3867 1184 3928 Beiram,
1202 3868 1273 3918 melas·
1281 3868 1407 3940 flichta'pe
1419 3869 1539 3941 Manlio,
1557 3889 1614 3924 was
1625 3889 1671 3943 ge·

196 3963 258 4034 wisc
274 3963 321 4012 mit
337 3963 417 4012 ciuem
433 3961 591 4014 Formartn
609 3962 655 4013 der
672 3963 759 4016 Masta
776 3963 1019 4032 zusammendcingss
1040 3959 1086 4010 ster
1103 3958 1206 4012 damals
1223 3960 1340 4032 gemacht
1356 3961 1462 4014 wurdt!

263 4070 310 4137 58)
329 4071 356 4121 t.
367 4089 389 4122 c.
407 4089 433 4139 p.
447 4071 500 4133 &3
525 4073 557 4122 cl.
574 4071 669 4123 matter
684 4071 719 4121 ad
736 4059 854 4138 dcachyl
872 4073 945 4122 llum.
963 4087 989 4138 p.
1002 4069 1055 4122 1⁷2
1078 4078 1104 4121 ct
1119 4068 1211 4123 Jacobi
1230 4072 1347 4141 aneatt.
1366 4075 1485 4143 Sopltccl.
1503 4093 1530 4143 p.
1544 4075 1602 4128 546
1612 4089 1670 4143 sqq.
