3674 4636
168 589 257 664 lum
283 599 361 680 est,
386 579 498 687 quod
523 611 618 662 cum
645 585 777 685 aliqua
799 555 1073 684 probabilitate
1098 585 1149 662 ad
1175 581 1463 682 expositionem
1487 581 1644 660 fabulae

167 732 303 858 referri
327 736 459 827 liceat3
486 759 619 835 neque
640 759 662 810 e
683 733 848 832 reliquis
874 753 976 834 quae
1002 733 1154 808 exitum
1179 729 1306 830 magis
1326 743 1505 830 'spectant
1529 731 1662 830 quide

168 905 291 982 quam
324 881 551 972 lucramur,
584 879 661 957 nisi
693 881 804 980 quod
823 882 1027 961 invidiam·
1048 884 1124 960 sibi
1151 897 1190 960 et
1207 883 1357 961 ‘marito
1382 881 1646 983 perniciosam

167 1025 291 1104 fuisse
311 1032 464 1106 Iocasta
494 1025 607 1125 queri
634 1025 811 1102 videtur:

366 1179 525 1266 Φθόνος
550 1177 582 1256 d'
610 1177 633 1254 ὁ
658 1179 822 1256 πολλῶν
847 1179 973 1278 φρένα
1000 1179 1246 1279 διαφθείρων
1270 1180 1424 1278 βροτῶν

365 1327 543 1406 Maxalla&
571 1327 696 1406 αὐτὸν
721 1326 817 1421 κάμὲ
844 1326 1103 1432 συνδιώλεσεν
1120 1327 1186 1420 2⁶).

168 1482 287 1560 Unde
307 1478 434 1558 facilis
455 1481 622 1578 quidem
644 1476 874 1573 conjectura
892 1489 968 1565 est,
993 1474 1076 1572 Laji
1095 1475 1345 1574 propinquos
1363 1473 1486 1570 inque
1503 1473 1645 1571 primis

169 1635 386 1710 Creontem
420 1629 524 1705 illud
557 1623 752 1716 effecisse,
788 1623 935 1724 quihus
969 1621 1064 1698 solis
1100 1619 1272 1696 invidiae
1306 1641 1424 1695 causa
1459 1618 1645 1695 adversus

170 1781 375 1879 Oedipum
402 1801 486 1854 esse
511 1790 684 1877 poterat,
710 1777 780 1853 sed
801 1798 875 1851 nec
896 1772 1131 1872 repetendae
1149 1782 1241 1870 post
1261 1781 1421 1890 tantum
1443 1792 1646 1848 annorum

169 1927 344 2027 spatium
376 1925 621 2024 quaestionis
657 1925 706 2001 de
736 1925 840 2024 regis
873 1921 1011 2011 caede,
1043 1943 1177 2019 neque
1210 1917 1355 2016 Oedipi
1388 1919 1646 2016 potissimum

168 2071 362 2172 arguendi
380 2093 481 2170 quas
497 2095 635 2148 causas
652 2095 821 2172 quamve
840 2071 1092 2147 occasionem
1106 2068 1338 2160 habuerint,
1354 2068 1540 2169 indagare
1554 2095 1649 2170 poss

170 2243 333 2308 sumus,
358 2217 438 2294 nisi
460 2218 605 2295 iisdem
625 2221 773 2319 quibus
797 2219 1038 2319 Sophoclem
1057 2218 1252 2312 artificiis,
1277 2221 1501 2320 pestilentia
1523 2221 1650 2297 nimi·¹

168 2389 262 2439 rum
279 2363 341 2440 vel
358 2365 490 2466 aliqua
508 2366 727 2444 calamitate
744 2369 933 2446 divinitus
954 2369 1135 2445 immissa
1148 2368 1371 2467 veterisque
1385 2367 1469 2465 Laji
1487 2368 1648 2443 comitis

167 2511 418 2602 testimonio,
452 2513 688 2613 Euripidem
714 2539 878 2613 quoque
896 2539 1029 2590 *usum
1055 2536 1140 2588 esse
1166 2513 1391 2590 statuimus.
1442 2517 1571 2612 Atque
1598 2515 1648 2590 de

168 2662 388 2740 calamitate
413 2663 574 2761 publica
599 2665 782 2764 Hyginus
808 2659 1125 2762 mythographus
1149 2657 1198 2753 ²⁷)
1226 2657 1353 2733 ¹fidem
1379 2656 1487 2748 sacit,
1523 2681 1647 2757 quem
1727 2765 1731 2772 Ι

170 2827 325 2890 constat
355 2813 532 2912 plurima
557 2810 787 2891 fabularum
814 2837 981 2892 suarum
1008 2823 1243 2910 argumenta
1269 2833 1315 2884 ex
1339 2810 1543 2909 Euripidis
1568 2825 1645 2888 tra·

168 2961 319 3062 goediis
337 2961 580 3038 desumsisse
587 2990 598 3054 3
625 2963 695 3062 qui
719 2963 811 3039 licet
830 2963 875 3037 in
895 2963 962 3052 iis,
987 2983 1088 3060 quae
1110 2961 1160 3037 ad
1179 2961 1329 3035 exitum
1351 2958 1507 3038 fabulae
1526 2963 1646 3040 Oedi·

168 3111 290 3210 pique
312 3112 537 3188 caecitatem
559 3113 778 3214 pertinent,
806 3094 1046 3213 Sophoclem
1070 3108 1204 3208 potius
1227 3121 1388 3183 secutus
1408 3131 1492 3184 esse
1514 3111 1645 3187 videa-

169 3274 236 3336 tur
256 3259 324 3358 9Β),
357 3260 478 3338 habet
501 3274 638 3338 tamen
664 3260 883 3352 nonnulla,
916 3283 1017 3360 quae
1045 3283 1174 3358 quum
1201 3257 1407 3357 Sophoclis
1433 3284 1519 3335 non
1547 3260 1645 3350 sint,

168 3411 219 3488 ad
240 3409 450 3486 neminem
467 3407 615 3485 melius
633 3431 756 3507 quam
774 3409 824 3486 ad
840 3405 1076 3504 Euripidem
1093 3401 1231 3480 referri
1248 3405 1413 3504 possint.
1459 3409 1645 3499 Quorum

234 3663 283 3732 26)
302 3664 374 3716 sut.
393 3663 473 3716 Serm.
487 3661 632 3716 xxxwtt.
650 3662 686 3730 9,
706 3663 737 3712 Τ.
751 3662 789 3724 ΙΙ,
807 3679 833 3731 p.
844 3661 883 3716 59
901 3663 1028 3717 Gaissord.

235 3755 282 3823 εν)
299 3755 362 3807 so.
379 3739 482 3808 siut.

235 3849 282 3917 28)
298 3850 450 3904 Blfimuerus
466 3849 484 3901 l.
497 3867 518 3902 o.
536 3850 609 3918 p.4=
637 3848 795 3904 multaretur
813 3854 916 3919 quidem
926 3849 1110 3920 Fraucogallus
1128 3851 1257 3921 integrum
1275 3852 1329 3920 ojus
1345 3851 1447 3903 fabulae
1465 3857 1643 3923 argumentum

166 3944 193 3992 in
211 3939 315 4012 Hygino
338 3941 390 3992 sihi
412 3941 483 3994 visua
506 3947 547 3994 est
569 3942 706 3996 iuvenisse:
731 3969 766 3984 ·-
792 3943 868 4014 hujus
889 3949 975 3996 temen
997 3943 1106 3994 fabellae
1130 3949 1307 4014 argumentum
1331 3963 1362 3996 ex
1378 3944 1511 4011 Euripidis
1530 3946 1644 3994 drrrmte

165 4035 274 4102 petitum
292 4048 347 4086 este
361 4049 413 4086 non
429 4034 587 4101 putaverim,
606 4049 684 4101 quum
700 4032 819 4104 lippinus
835 4036 965 4105 Oedipum
982 4054 1010 4090 se
1027 4038 1112 4106 ipsum
1128 4037 1268 4100 lumiuihus
1283 4039 1398 4106 privasse
1416 4037 1512 4088 diserte
1529 4037 1641 4086 doceat.-
