3684 4624
749 389 1140 486 ---75--Ι

154 623 356 714 banorum
393 617 540 694 seelera
573 629 669 690 curn
702 609 884 688 Adrasto
900 607 1236 710 proficisceretur,
1267 609 1421 710 Erinyn
1452 625 1622 691 matrem

155 773 364 872 acceperit,
390 768 534 845 deinde
553 788 666 854 veroa,
695 788 825 865 asarum
849 757 955 861 apud
973 757 1262 835 Antimachum
1284 771 1431 836 terram
1454 770 1625 834 matrem

155 933 297 999 nactus
332 930 454 1006 esset,
488 914 563 992 hac
599 937 694 988 cum
730 915 873 990 Cerere
905 921 1130 1008 permutata
1165 921 1205 984 et
1238 906 1396 984 duabus
1430 904 1644 1023 matribus!

155 1069 349 1150 fabulosis
374 1069 480 1143 inter
504 1089 546 1142 se
572 1062 748 1140 confusis
772 1072 811 1136 et
835 1055 1034 1146 conflatis,
1065 1054 1219 1133 Cereris
1245 1054 1402 1153 Erinyis
1428 1052 1537 1130 filins
1564 1067 1627 1127 exi
1642 1042 1650 1156 ’ἡ

158 1219 318 1308 stiterit,
354 1231 473 1316 atque
502 1215 557 1292 ita
588 1213 753 1290 demum
782 1209 881 1286 haec
912 1209 957 1283 in
981 1207 1160 1306 Neptuni
1191 1204 1505 1282 matrimonium
1534 1203 1628 1281 ‹sott-¹

160 1368 319 1444 cesserit
338 1407 385 1418 —
406 1363 449 1440 id
468 1361 603 1438 nescio
620 1374 762 1435 utrum
778 1357 904 1455 magis
925 1368 1061 1430 contra
1082 1361 1262 1431 veterum
1281 1367 1493 1431 auctorum
1506 1355 1629 1433 fidem

161 1539 211 1593 an
238 1527 374 1590 contra
398 1510 456 1584 rei
482 1507 610 1606 ipsius
635 1516 822 1580 catarra'm
848 1503 1112 1601 excogitatum
1135 1501 1278 1578 dicam.
1320 1507 1424 1582 Nam
1447 1509 1495 1579 ut
1515 1468 1657 1583 omiti

160 1679 242 1742 tam
265 1675 389 1752 totam
412 1653 757 1733 ratiocinationem
779 1649 840 1725 vel
863 1649 938 1728 hac
960 1650 1043 1727 sola
1067 1675 1111 1727 re
1132 1651 1360 1744 concidere,
1386 1653 1497 1754 qaiod
1519 1625 1656 1730 idcm³

161 1812 443 1899 Antimachus,
469 1806 539 1906 qui
558 1805 750 1880 Arionem
774 1814 877 1878 terra
899 1800 1054 1877 editum
1073 1797 1203 1888 finxit,
1228 1801 1496 1879 nihilominus
1514 1793 1648 1881 etiam

163 1964 318 2044 Cereris
337 1957 494 2057 Erinyis
518 1954 717 2055 templum
740 1953 853 2028 novit
879 1939 968 2052 (vid,
986 1967 1069 2029 not.
1088 1959 1173 2052 20),
1197 1955 1352 2032 mirum
1367 1957 1478 2034 'esset
1498 1972 1633 2036 recens

163 2119 314 2192 tiorum
336 2093 595 2210 quorundam
616 2106 826 2205 po'e‘tarum
851 2101 1022 2201 argutias
1042 2101 1141 2179 adeo
1163 2101 1353 2194 valuisse,
1378 2119 1426 2179 ut
1439 2111 1530 2183 'tota
1553 2104 1635 2183 fere'

163 2261 463 2359 Peloponneso,
489 2254 730 2355 ubicunque
754 2257 967 2350 Neptunus
989 2253 1182 2350 Equester
1205 2249 1420 2342 coleretur,
1448 2252 1572 2329 simul
1597 2267 1636 2330 et

165 2413 319 2492 Cereris
340 2409 482 2486 sanaim
504 2407 549 2481 in
569 2405 799 2506 propinquo
823 2415 925 2478 esset
941 2399 1012 2493 51),
1036 2402 1193 2501 ipsique
1214 2401 1452 2500 Thelpusaei
1475 2419 1637 2506 propter

233 2677 280 2745 at)
299 2676 341 2728 Sic
358 2674 427 2742 apud
444 2671 584 2720 Pheneatas
601 2668 628 2718 ia
645 2667 756 2719 Arcadia
774 2667 913 2717 Pausanias
931 2665 1008 2732 (vttt.
1028 2665 1075 2734 ll)
1093 2670 1119 2716 et
1135 2665 1249 2731 Neptuni
1263 2666 1397 2734 Equestris
1414 2670 1515 2739 signam
1532 2677 1637 2723 ettam.

166 2771 237 2839 plum
250 2766 351 2818 Cereris
369 2765 565 2820 commemorat,
584 2771 660 2825 qnam
678 2759 747 2824 quod
765 2755 923 2808 Eleusiniam
939 2749 1068 2824 appellat,
1086 2753 1198 2808 rationes
1214 2764 1316 2809 nostras
1334 2761 1480 2827 nentiquam
1496 2761 1597 2822 turbat,
1616 2765 1640 2814 ai

166 2863 348 2918 recordamur,
377 2857 446 2924 quod
473 2854 590 2920 superius
616 2852 670 2920 jam
696 2851 850 2922 significavi,
881 2853 969 2901 eodem
993 2851 1070 2901 modo
1093 2867 1144 2918 quo
1166 2851 1357 2904 Atheniensium
1380 2853 1474 2922 Apollo
1498 2855 1638 2919 Patricius,

167 2970 241 3019 qaaem
258 2951 371 3001 lonicum
387 2948 466 2997 tuisse
484 2947 676 2996 consentaneum
694 2947 748 3003 est,
773 2943 907 3010 postmodo
930 2943 956 2991 in
975 2941 1126 3010 Delphicum
1143 2944 1191 2996 hoc
1209 2952 1248 2996 est
1264 2947 1386 3000 Doricum
1403 2951 1515 3006 mutatus
1534 2954 1573 2999 est
1596 2949 1638 3015 (ct.

166 3043 342 3098 tetrarcha.
361 3037 456 3111 griech.
475 3035 662 3088 Staatsaltctth.
688 3035 710 3102 ᾗ.
725 3031 781 3095 96,
806 3028 905 3084 n.8-‘-·
919 3033 968 3095 {23
997 3035 1158 3098 Lachmann,
1184 3039 1225 3089 alie
1243 3045 1356 3107 sparton.
1374 3039 1521 3094 Staatsvert'.
1537 3057 1565 3108 p.
1575 3039 1641 3108 40),

167 3144 204 3192 ita
222 3137 381 3188 Eleusiniam
400 3131 496 3183 cultum
513 3129 639 3197 patrlatim
656 3129 768 3196 plurima
786 3127 886 3212 Cereris
905 3143 977 3178 saera
996 3144 1151 3196 occupatura
1169 3132 1233 3198 quid
1250 3134 1319 3200 quod
1336 3133 1463 3198 iaterdaam
1481 3135 1559 3184 etiam
1575 3135 1641 3189 anti,-

169 3247 234 3300 quae
258 3227 391 3298 religionis
414 3224 536 3273 memoria
559 3223 596 3272 ita
621 3221 784 3279 servabatur,
811 3223 840 3267 ut
861 3223 964 3283 praeter
987 3219 1048 3268 deas
1064 3219 1209 3271 Eleusinios
1227 3220 1304 3273 etiam
1321 3224 1416 3276 'l'errae
1434 3225 1536 3295 signum
1551 3226 1640 3276 coalent

167 3325 265 3392 templo
282 3323 470 3378 includeretur,
488 3322 517 3367 at
534 3316 620 3367 Patris
636 3318 664 3366 ia
680 3313 791 3382 Achaja,
809 3311 854 3362 uhi
872 3312 1012 3361 Pausanias
1030 3312 1095 3378 (Vll.
1112 3312 1159 3380 hl)
1176 3320 1313 3381 postquam
1331 3317 1362 3368 alc
1379 3317 1491 3384 Neptuni
1508 3317 1640 3384 Equestris

168 3416 319 3488 cogitamine
336 3414 490 3492 disputavit,
514 3413 549 3462 acl
567 3410 667 3461 Cereris
684 3408 808 3474 templum
825 3413 1016 3478 transgressus,
1044 3403 1112 3476 αὕτή
1129 3409 1196 3476 μέν,
1217 3411 1316 3477 inquit,
1339 3411 1387 3462 sat
1404 3407 1421 3482 ἠ
1439 3417 1507 3472 ταῖς
1526 3408 1637 3479 ἑστᾶσι,

168 3506 200 3562 τὸ
224 3508 255 3559 di
278 3497 396 3573 ἄγαλμα
418 3501 467 3572 τῆς
489 3499 541 3571 γῆς
564 3500 620 3555 ἐστὶ
644 3499 821 3568 καθήμενονε
850 3518 931 3566 neque
955 3500 1006 3550 alia
1027 3518 1104 3552 causa
1122 3505 1161 3552 est
1177 3495 1263 3552 llheae
1287 3503 1339 3554 sive
1356 3499 1446 3553 Matris
1464 3505 1570 3554 deornm
1597 3503 1646 3570 (ct,

170 3598 319 3652 Sehweacls.
335 3599 438 3666 etymol.
456 3596 560 3666 mythol.
579 3595 686 3645 Audeat
704 3611 730 3662 p.
741 3595 779 3646 9⁰2
790 3622 821 3633 -
837 3593 918 3660 aas),
938 3613 1013 3664 quam
1029 3604 1055 3648 et
1071 3597 1154 3663 ipsam
1171 3614 1229 3649 cum
1245 3597 1338 3650 Cerere
1355 3603 1381 3648 et
1392 3599 1508 3666 Neptuno
1521 3601 1654 3668 Equestri„

170 3693 330 3760 oottjunctam
353 3693 419 3742 rtdtt
442 3693 469 3742 in
492 3707 585 3760 magno
603 3689 749 3754 Despoersae
773 3687 832 3739 fano
856 3689 890 3739 ad
913 3693 1023 3738 montem
1040 3687 1193 3738 Maenalium
1218 3689 1295 3756 (Vlll.
1312 3686 1374 3756 57),
1398 3689 1541 3744 manneae
1556 3699 1641 3746 autem

170 3785 250 3855 (vlu.
263 3786 311 3850 lo)
329 3781 396 3855 ὑπὲρ
414 3781 465 3836 τοῦ
483 3781 615 3848 σταδίου,
636 3781 733 3848 inquit,
751 3779 782 3832 τό
803 3773 870 3848 ὅρος
888 3777 948 3832 ἐστι’
962 3777 1122 3848 τόΆλήσιον
1138 3779 1186 3832 daci
1205 3780 1254 3850 τήν
1271 3775 1358 3851 ἄλην,
1378 3777 1416 3844 ὥς
1434 3795 1520 3853 φασι,
1540 3785 1641 3839 καλού-

169 3893 255 3946 μινον
271 3876 320 3945 τήν
335 3873 429 3945 Ῥέας,
449 3877 496 3930 καὶ
516 3877 664 3944 Δήμητρος
682 3869 770 3935 ἄλσος
788 3871 818 3928 ἐν
834 3872 871 3942 τῷ
890 3868 963 3941 ὄρει,
982 3873 1060 3941 παραὶ
1080 3874 1110 3926 tt
1126 3871 1177 3926 roci
1196 3867 1280 3944 ὅρους
1297 3875 1332 3928 τοὶ
1350 3874 1457 3942 ἔσχατα
1474 3876 1524 3931 τοῦ
1541 3877 1640 3932 Ποσει-

171 3968 262 4032 δῶνός
286 3967 344 4023 ἐστι
367 3967 418 4021 rosi
435 3965 548 4023 'Ianicu
570 3967 602 4020 ro*
622 3965 711 4036 ἱερόν,
738 3983 803 4034 quae
821 3967 844 4016 si
860 3966 917 4034 quis
933 3967 1017 4017 omnia
1033 3967 1138 4026 tornato
1156 3969 1193 4020 sic
1210 3967 1344 4038 conjuncta
1361 3987 1417 4022 esse
1436 3977 1547 4032 statuat,
1570 3989 1602 4023 nc
1619 3972 1641 4023 is

171 4077 263 4130 parona
279 4067 348 4112 recte
363 4065 477 4112 veteram
492 4059 652 4131 diligentiam
669 4059 695 4108 ia
713 4057 792 4109 sacris
808 4057 946 4124 condendis
964 4056 1128 4112 existimabit.

1196 4129 1271 4202 10*
