3702 4622
788 408 1067 494 ..46-

189 639 321 717 neque
355 621 558 695 ammeio
593 617 748 719 aliquo,
785 630 833 691 ut
868 619 974 716 apud
1008 620 1247 721 Sophoclem
1278 635 1355 713 est,
1394 623 1463 698 sed
1498 623 1546 698 ab
1580 621 1667 721 ipsa

189 765 539 862 Periboea-Polybi
565 762 668 862 regis
694 783 818 851 uxore
846 764 990 866 Oedipi
1019 769 1337 867 suppositionem
1363 769 1495 867 palam
1522 766 1666 846 factam

188 915 325 1008 refert,
348 916 458 1016 quod
474 915 556 991 veri
574 911 830 996 simillimum
847 927 906 988 est
924 918 970 994 ab
990 917 1181 1017 Euripide
1198 942 1293 995 eum
1314 917 1523 1007 sumsisse,
1542 940 1666 1018 quem

188 1067 344 1144 nullam
374 1062 489 1140 facile
517 1063 768 1138 occasionem
801 1062 1254 1161 neglexissenovimus,
1290 1090 1370 1166 qua
1395 1088 1517 1141 novas
1544 1065 1664 1163 insig-

145 1225 146 1232 '
187 1217 308 1294 nium
338 1213 559 1290 hominum
592 1234 783 1313 personas
816 1235 963 1310 easque
992 1235 1116 1312 quam
1140 1215 1314 1292 maxime
1340 1216 1578 1314 grandaevas
1602 1215 1665 1290 vel

187 1386 350 1466 peregre
365 1364 628 1444 ‚advenientes
653 1363 696 1438 in
723 1385 885 1439 scenam
911 1361 1166 1462 producerets
1201 1362 1293 1444 licet
1318 1363 1422 1478 inter
1446 1362 1666 1464 fragmenta

187 1510 352 1588 nullum
374 1512 443 1604 sit,
471 1513 581 1612 quod
606 1511 665 1586 illi
693 1537 788 1588 cum
816 1513 948 1613 aliqua
968 1513 1243 1612 probabilitate
1265 1514 1389 1589 tribui
1407 1514 1543 1612 possit
1587 1513 1667 1590 Sed

188 1679 228 1740 et
251 1665 309 1740 rei
334 1665 461 1768 ipsius
486 1678 631 1748 natura
654 1665 813 1740 credere
838 1685 914 1738 nos
940 1676 1043 1739 vetat
1062 1662 1315 1762 Euripidem,
1340 1664 1411 1762 qui
1436 1664 1543 1740 miro
1569 1649 1665 1742 cum

188 1813 322 1889 studio
356 1810 600 1890 atrocissima
629 1831 811 1907 quaeque
838 1808 888 1883 ad
911 1810 1184 1906 percellendos
1212 1825 1481 1908 spectatorum
1508 1816 1664 1892 animos

189 1973 376 2061 captaret,
400 1954 663 2032 funestissimi
681 1957 909 2056 argumenti
926 1953 1208 2032 secunditatem
1224 1957 1324 2034 adeo
1341 1959 1553 2057 sprevisse,
1580 1962 1664 2062 ejus

188 2105 438 2206 praesertim,
472 2105 580 2203 quod
613 2103 898 2202 spectatoribus
932 2106 984 2181 ita
1016 2120 1162 2181 notum
1195 2119 1314 2194 esset,
1347 2122 1393 2206 ut
1418 2109 1498 2184 nisi
1526 2103 1665 2188 omnia

188 2253 334 2353 flagitia
369 2277 463 2328 eum
497 2250 725 2351 pulvisculo
758 2251 1080 2340 exhaurirentur,
1115 2267 1371 2351 praereptum
1406 2255 1557 2364 aliquid
1588 2260 1665 2368 sibi

191 2415 229 2476 et
260 2399 527 2499 interceptum
563 2413 775 2499 questuros
810 2425 895 2476 esse
930 2411 1149 2497 exspectare
1182 2397 1325 2500 posset.
1380 2403 1488 2498 Quid
1505 2401 1668 2502 igitur?

190 2554 300 2627 Num
332 2562 423 2649 post
458 2548 607 2624 excisos
642 2550 716 2624 sibi
751 2549 892 2626 oculos
927 2549 1056 2626 multa
1087 2561 1287 2650 praeterea
1315 2550 1359 2624 in
1392 2573 1509 2627 scena
1541 2551 1667 2649 egisse

192 2699 396 2799 Oedipum
423 2698 626 2775 dicamus?
664 2673 835 2775 Minime
861 2675 973 2792 rero;
1004 2699 1073 2776 sed
1098 2699 1208 2798 quod
1232 2697 1276 2773 in
1296 2699 1477 2788 Hecuba,
1503 2699 1546 2773 in
1565 2702 1665 2776 Her·

192 2850 280 2924 cule
305 2847 479 2939 furente,
513 2849 679 2947 aliisque
708 2848 918 2946 tragoediis
944 2847 1177 2944 Euripidem
1211 2846 1285 2920 sibi
1311 2812 1526 2921 indulsisse
1551 2849 1665 2925 novi·

191 3023 305 3087 mus,
339 2969 446 3075 idem
480 2998 557 3074 hoc
591 3022 753 3097 quoque
779 2999 823 3073 in
849 3006 1087 3095 argumento
1115 2991 1253 3068 fecisse
1278 2995 1453 3083 videtur,
1486 3007 1536 3068 ut
1564 2995 1667 3072 duas

193 3149 366 3227 actiones
404 3174 487 3224 una
527 3149 745 3250 eademque
783 3144 916 3223 fabula
955 3139 1311 3237 comprehenderet
1350 3153 1408 3231 et,
1450 3153 1665 3241 postquam

193 3296 336 3394 Oedipi
371 3293 527 3372 facinus
562 3293 801 3394 patefactum
839 3307 956 3394 atque
991 3295 1184 3394 punitum
1221 3307 1341 3383 esset,
1378 3295 1458 3390 jam
1492 3297 1666 3372 locastae

193 3464 354 3540 quoque
381 3439 555 3530 crimen,
589 3465 671 3540 quo
697 3437 796 3514 olim
829 3434 1023 3514 infantem
1052 3437 1255 3536 Oedipum
1288 3438 1572 3535 exponendum
1599 3437 1687 3515 de·v

193 3583 318 3672 derat,
351 3605 423 3680 per
452 3581 684 3657 Periboeam
718 3590 758 3654 et
787 3576 996 3655 Itemalem
1029 3578 1198 3677 aperiret
1218 3576 1289 3671 ὅ“);
1323 3601 1405 3673 quo
1436 3575 1538 3652 facto
1571 3599 1666 3656 vera

193 3807 311 3879 speeielle
327 3803 481 3875 Auslcpunp
505 3799 648 3852 usewardus
663 3801 780 3858 ltdrtaen,
807 3795 842 3848 da
852 3797 909 3882 ¹tois·
933 3797 990 3848 eine
1006 3796 1103 3848 andere
1119 3795 1272 3865 Bedeutaup
1288 3810 1341 3845 rou
1358 3791 1410 3844 r'ltm
1427 3793 1497 3846 ubit
1513 3798 1608 3850 ivisses
1625 3799 1667 3852 als

192 3908 259 3952 elaea
276 3893 482 3948 mmettenttnd

261 3989 308 4057 at)
325 3989 381 4041 lloe
398 4003 497 4055 quoque
513 3985 581 4037 mole
599 3983 687 4035 babuit
697 3983 880 4046 walcherum,
900 3987 945 4052 qui
958 4003 984 4054 p.
995 3983 1053 4038 dOl
1069 3985 1105 4033 ita
1121 3981 1269 4034 sententiam
1286 3995 1368 4031 meam
1380 3981 1529 4053 impugnat:
1553 3981 1618 4033 Nun
1633 3983 1668 4034 ist

195 4101 227 4137 att
241 4081 425 4142 emortualem,
444 4079 505 4147 dass
520 4077 566 4128 der
581 4075 731 4144 Vestram,
749 4091 778 4126 so
795 4075 895 4146 kundig
912 4073 958 4129 der
973 4073 1147 4149 prietltt'seden
1160 4071 1351 4133 Attmtcner,
1370 4071 1435 4124 attcd
1449 4071 1491 4124 clia
1501 4074 1668 4142 Aussetaunp
