3684 4624
762 408 1069 502 -I25-

99 597 113 612 ⁶
150 619 290 734 'posse
323 633 458 733 prodit
484 597 571 728 ΙΨ)
609 633 718 732 quod
750 633 781 706 si
815 629 895 728 jam
929 651 974 706 ea
1005 628 1160 705 fabulae
1188 633 1372 706 Oresteae
1404 654 1512 728 pars,
1548 653 1650 728 quae

176 787 225 862 ad
242 785 474 884 Iphigeniae
492 797 652 883 raptum
671 781 885 879 Dianiique
904 775 1109 852 simulacri
1131 772 1287 850 furtum
1306 775 1494 874 pertinet,
1520 775 1649 849 mani-

174 931 270 1026 festa
312 931 560 1006 sublatarum
597 931 851 1004 victImarum
891 926 1167 1001 humanarum
1207 939 1441 1025 argumenta
1478 945 1570 1024 prae
1609 949 1650 999 se

174 1077 252 1152 sert
272 1077 356 1174 ¹⁷⁸),
383 1079 545 1154 alteram
571 1103 753 1176 quoque,
782 1100 883 1176 quae
909 1080 1075 1178 propius
1102 1075 1151 1154 ad
1169 1079 1314 1177 Oedipi
1341 1077 1649 1153 similitudinem

177 1229 344 1317 accedit,
378 1231 521 1306 eodem
544 1227 690 1304 referre
712 1230 862 1318 licebit,
889 1245 936 1304 ut
953 1245 1174 1307 statuamus
1194 1231 1305 1306 nulla
1324 1231 1372 1307 de
1391 1254 1507 1306 causa
1525 1219 1650 1329 magis

179 1377 382 1474 Oedipum
407 1391 445 1451 et
465 1381 649 1452 Orestem
673 1379 830 1453 easdem
856 1377 947 1452 deas
968 1377 1148 1476 primum
1170 1393 1362 1476 tanquam
1384 1377 1549 1474 Erinyas
1573 1377 1650 1453 hoc

178 1521 238 1596 est
253 1524 412 1612 Furias,
440 1524 584 1597 deinde
606 1536 798 1622 tanquam
816 1523 1061 1599 Eumenides
1084 1524 1161 1598 hoc
1186 1511 1244 1598 est
1260 1524 1454 1624 Propitias
1472 1538 1651 1623 expertos

178 1701 262 1752 esse
297 1677 373 1751 dici
402 1676 490 1771 179),
522 1699 644 1776 quam
678 1676 771 1775 quia
802 1701 849 1752 ex
883 1673 1095 1771 utriusque
1122 1673 1335 1764 memoria,
1371 1667 1552 1773 qrramvis
1578 1698 1650 1772 pro

179 1824 430 1924 singularum
462 1821 643 1922 gentium
677 1821 848 1920 ingeniis
883 1820 1183 1919 quodammodo
1216 1820 1384 1911 diversa,
1420 1823 1651 1896 communis

177 1985 312 2048 tamen
336 1972 556 2048 recordatio
578 1941 783 2047 sacrorum
808 1996 853 2046 ex
876 1986 1004 2048 vetere
1027 1972 1094 2048 illa
1119 1973 1351 2049 crudelitate
1378 1975 1427 2050 ad
1447 1974 1649 2050 mitiorem

125 2203 129 2214 .
178 2115 351 2194 formam
371 2142 656 2193 conversorum
676 2119 924 2216 pependerit,
951 2143 1052 2218 quae
1075 2120 1167 2196 licet
1186 2101 1448 2198 reverentiam
1473 2124 1652 2198 tristibus

178 2268 419 2342 numinibus
438 2268 612 2343 debitam
630 2270 867 2368 neutiquam
889 2269 1091 2344 minueret
1109 2293 1182 2344 nec
1194 2269 1491 2368 placandorum
1511 2296 1652 2346 eorum

176 2415 450 2490 necessitatem
474 2414 645 2507 tolleret,
671 2417 840 2493 salutem
867 2432 1002 2494 tamen
1027 2420 1204 2495 neminis
1231 2420 1405 2516 amplius
1432 2415 1509 2494 nisi
1537 2422 1651 2519 impii

249 2676 311 2742 1⁷7)
335 2676 442 2726 Pausan.
461 2677 479 2725 l.
497 2677 543 2730 45.
564 2677 593 2727 I:
621 2677 732 2745 λέγουσι
750 2678 780 2729 δὲ
797 2675 868 2729 εἶναι
886 2672 1049 2746 Ἰφιγενείας
1067 2671 1173 2746 ἡρῷον,
1193 2670 1351 2728 οἶποθανεῖν
1366 2673 1423 2748 γάρ
1441 2673 1488 2725 καὶ
1507 2671 1606 2737 ταύτην
1624 2671 1653 2726 ἐν

180 2765 326 2835 Μεγάροις
346 2805 397 2819 ...
420 2765 484 2819 οἶδα
502 2770 531 2820 δὲ
548 2765 673 2822 Ἡσίοδον
688 2769 844 2837 ποιήσαντα
862 2769 891 2825 ἐν
907 2771 1053 2842 καταλόγῳ
1072 2768 1209 2839 γυναικών
1226 2767 1389 2837 Ἰφιγένειαν
1407 2747 1457 2821 otiu
1475 2761 1647 2832 ἀποθανεῖν,
1704 2793 1707 2798 ·

81 2931 86 2945 ι
179 2859 272 2928 γνώμῃ
291 2861 321 2911 δὲ
331 2857 487 2928 Ἀρτέμιδος
498 2858 614 2930 Ἑκάτην
631 2859 716 2915 alvan:
743 2881 808 2930 quae
827 2870 925 2913 tantum
943 2865 1016 2940 abest
1032 2871 1086 2925 ut‚·1
1096 2866 1165 2930 quod
1176 2864 1315 2914 Pausanias
1332 2869 1436 2930 putasse
1454 2863 1569 2921 videtur,
1587 2862 1653 2912 inter

179 2972 207 3005 se
224 2957 412 3016 eorttradIeant,
436 2961 465 3005 ut
482 2958 566 3022 Ipsum
583 2957 649 3006 illud
668 2975 774 3017 numen,
799 2961 867 3025 quod
884 2957 981 3007 inferiis
998 2956 1129 3016 colebant,
1154 2955 1265 3005 Hecatae
1289 2957 1315 3004 in
1333 2955 1477 3023 IplsigenIae
1494 2969 1585 3004 nomen
1602 2959 1652 3003 tra·
1689 2959 1691 2964 '

179 3051 271 3098 duetus
287 3050 365 3098 tuisse
382 3046 487 3099 eertum
497 3050 544 3109 sit,
562 3051 665 3099 inferias
684 3046 750 3099 enirn
769 3043 911 3100 eliam'diis
928 3051 1016 3099 inferis
1034 3049 1133 3099 oblatas
1151 3049 1263 3116 ejusdem
1281 3048 1352 3098 Iocus
1365 3047 1475 3101 ostendit
1486 3045 1552 3095 VIII.
1564 3045 1609 3095 aa.
1620 3045 1653 3095 2:

179 3141 227 3192 καὶ
247 3133 317 3192 οὕτω
335 3146 396 3200 ταῖς
414 3143 465 3206 μὲν
480 3137 601 3208 ἐνήγισεν
618 3140 781 3211 ἀποτρέπων
798 3142 828 3195 ro'
848 3143 956 3211 μήνιμα
971 3133 1079 3204 αὐτῶν,
1096 3161 1177 3211 neque
1195 3143 1295 3194 omnino
1314 3141 1378 3191 nibil
1396 3141 1449 3192 iIIIe
1467 3141 1555 3191 interis
1573 3140 1652 3190 tribu-

179 3243 235 3286 tum
259 3253 313 3288 esse
335 3238 441 3288 Adrasti
464 3237 571 3288 bonores
594 3238 717 3306 probant,
746 3256 820 3306 quem
844 3239 895 3305 ipsi
917 3238 1052 3288 Furiarum
1075 3236 1156 3286 cultui
1172 3235 1290 3303 junctum
1315 3235 1430 3300 superius
1453 3237 1504 3283 not
1522 3231 1560 3283 96
1577 3237 1602 3281 et
1619 3229 1653 3282 88

180 3327 298 3377 vidimus.
1052 3383 1055 3394 Ι
1452 3321 1457 3338 ’

250 3419 311 3485 178)
336 3421 411 3471 l’aus.
431 3422 473 3470 ΙΙΙ.
494 3420 536 3472 16.
555 3421 590 3473 6:
620 3420 651 3472 τό
678 3421 708 3472 δὲ
731 3421 836 3489 χωρίον
860 3420 890 3472 ro'
917 3407 1161 3483 ἐπονομαζόμενον
1179 3418 1322 3481 Λιμναῖον
1344 3410 1458 3482 Ὀρθίας
1482 3413 1556 3482 ἱερόν
1580 3409 1653 3466 ἔστιν

171 3509 345 3577 Ἀρτέμιδος,
371 3510 402 3562 τό
428 3510 531 3568 ξόανον
554 3513 583 3564 δὲ
608 3511 694 3565 ἐκεῖνο
719 3508 790 3565 εἶναι
814 3511 957 3578 λέγουσιν,
984 3505 999 3562 ὅ
1024 3526 1091 3562 ποτε
1114 3511 1162 3560 καὶ
1180 3506 1302 3575 Ὀρέστης
1326 3509 1373 3559 καὶ
1391 3502 1539 3576 Ἰφιγένεια
1556 3503 1587 3559 ἐκ
1605 3504 1652 3574 τῆς

184 3600 319 3672 Ταυρικῆς
337 3600 514 3655 insidiatores
534 3642 540 3657 .
559 3644 588 3657 ..
610 3605 754 3670 θυομένου
773 3608 803 3659 dt
822 3602 914 3660 ὅντινα
933 3601 948 3657 o'
965 3601 1068 3672 κλῆρος
1085 3601 1285 3668 ἀπελάμβανε,
1315 3601 1483 3670 Λυκοῦργος
1501 3601 1652 3668 μετέβαλεν

180 3691 211 3754 ἐς
230 3693 281 3755 τοὶς
299 3694 420 3756 tartare
439 3695 559 3764 ἐφήβοις
576 3697 733 3766 μάστιγας,
755 3697 928 3766 ἐμπίπλαταί
942 3715 969 3749 τι
987 3693 1074 3757 οὕτως
1093 3694 1250 3765 ἀνθρώπων
1263 3696 1361 3763 αἵματι
1375 3690 1391 3749 ὁ
1403 3697 1517 3764 βωμόςι
1537 3699 1568 3748 ei.
1583 3697 1651 3748 Sexti

178 3787 254 3852 Emp.
272 3785 338 3854 t-ty'p.
358 3789 449 3856 I‘yrrh'.
468 3791 511 3840 III.
529 3790 586 3842 208
604 3798 629 3841 et
646 3791 775 3863 lIIytIsogr.
794 3783 855 3844 Bod'.
876 3795 894 3843 I.
915 3793 979 3853 1⁷5,
998 3809 1023 3859 p.
1036 3791 1079 3842 55.
1207 3847 1212 3855 ¹

251 3888 314 3952 179)
333 3891 372 3940 ct.
389 3865 526 3942 dliillerum
544 3894 578 3942 nd
596 3881 700 3944 Eumen.
718 3911 744 3961 p.
758 3895 809 3945 ΙΝ
820 3901 846 3946 et
861 3893 926 3955 176,
946 3893 1017 3960 eujus
1034 3901 1118 3943 tamen
1136 3894 1215 3959 ipsius
1234 3891 1370 3959 explicatio
1387 3890 1456 3942 baud
1474 3893 1526 3942 seio
1543 3909 1576 3940 an
1593 3897 1651 3956 poi·-

178 3986 264 4030 tnrum
287 3985 371 4048 potius
395 3991 439 4034 uut
454 3985 665 4053 pbilosophorum
683 3989 784 4058 ingenis
803 4005 879 4054 quum
896 3988 985 4038 inculti
1003 3989 1071 4048 aevi,
1096 3989 1138 4037 eui
1155 3987 1203 4037 bue
1219 3987 1320 4037 salsulae
1337 3985 1476 4045 debentur,
1503 3985 1651 4050 simplieita-

179 4082 233 4128 tem
250 4078 352 4140 deceat,
370 4081 431 4131 lieet
448 4080 559 4147 aliquem
576 4081 631 4150 ejus
649 4097 750 4133 sensum
767 4083 844 4134 etiarn
860 4084 952 4150 priscis
968 4079 1135 4152 religionibus
1154 4077 1257 4129 subesse
1276 4079 1344 4129 baud
1362 4078 1483 4146 negarim.

1186 4173 1257 4240 ¹6*
1299 4197 1305 4218 s
