3674 4636
800 397 1113 510 ...st--¹

208 593 396 676 omnium
417 591 712 694 elegantissimo
734 591 1000 694 displicuisse,
1026 593 1096 670 sed
1116 591 1373 684 sententiam,
1396 615 1500 700 quae
1522 596 1594 672 toti
1620 617 1683 676 ar·

206 753 401 844 grumento
434 738 633 829 subesset,
663 748 902 836 tantumque
932 737 1042 814 abest
1064 750 1112 812 ut
1137 735 1255 814 aliam
1284 737 1403 812 nobis
1432 751 1552 839 atque
1582 737 1684 814 olim

205 886 519 966 Atheniensibus
536 881 712 960 numen
730 880 1028 980 conjiciendum
1043 880 1112 972 sn,
1131 892 1179 955 nn
1193 876 1298 953 nunu
1314 879 1440 978 magis
1458 879 1509 956 na
1524 879 1684 979 opinin-

205 1049 303 1103 nem
333 1039 515 1104 nostram
543 1026 593 1104 de
620 1026 758 1127 poitae
788 1022 958 1101 consilio
985 1017 1302 1099 confirmandam
1326 1017 1443 1098 faciat
1464 1041 1588 1121 quam
1612 1020 1684 1100 illa

205 1169 383 1271 repulsa,
409 1193 512 1272 quae
530 1195 660 1273 quim
682 1169 778 1250 alias
794 1194 847 1246 ne
866 1170 910 1245 in
932 1168 1148 1269 depravatis
1164 1167 1329 1268 quidem
1350 1166 1474 1243 seculi
1495 1169 1682 1245 moribus

208 1311 503 1390 excusationem
522 1311 707 1391 habitura
730 1313 798 1404 sit,
830 1308 943 1390 facile
965 1281 1199 1410 adplicatur,
1231 1309 1303 1385 ubi
1328 1309 1496 1386 recentis
1521 1309 1683 1390 calami·

206 1451 296 1530 tatis
328 1451 645 1529 recordationem
682 1452 839 1554 telaque
873 1452 976 1530 clam
1009 1453 1055 1529 in
1087 1465 1305 1554 patronum
1339 1454 1466 1554 plebis
1502 1455 1682 1555 conjecta

206 1598 342 1699 ipsum
365 1598 460 1678 artis
495 1595 674 1674 fructum
711 1594 1002 1673 comminuisse
1037 1593 1271 1695 populoque
1306 1619 1381 1695 pro
1421 1595 1683 1674 delectatione

205 1741 330 1818 bilem
349 1764 394 1820 ac
415 1738 703 1842 poenitentiam
724 1737 896 1814 movisse
918 1738 1195 1836 recogitamus.
1236 1736 1361 1816 Nobis
1382 1738 1565 1832 demum,
1591 1742 1682 1840 qui·

206 1889 283 1964 bus
302 1901 342 1963 et
355 1885 531 1961 liberum
549 1882 598 1958 de
613 1881 734 1956 rebus
751 1878 888 1954 Atticis
902 1877 1101 1977 judicium
1119 1894 1179 1956 est
1193 1892 1233 1956 et
1250 1879 1545 1960 funestissimae
1559 1883 1682 1963 cladis

208 2026 419 2126 descriptio
442 2021 665 2124 legentibus
690 2017 797 2096 inter
818 2020 955 2119 ipsum
975 2020 1188 2099 horrorem
1210 2049 1414 2104 summam
1435 2027 1682 2128 voluptatem

209 2177 331 2255 creat,
362 2163 515 2263 integra
542 2176 582 2240 et
600 2163 839 2260 ‘incorrupta
867 2162 961 2236 artis
992 2163 1229 2260 praestantia
1256 2164 1407 2264 perfrui
1435 2167 1544 2260 licet;
1579 2191 1684 2271 quae

208 2324 345 2388 tanmn
372 2327 503 2406 qrmm
527 2303 581 2380 ita
605 2317 763 2380 tantum
787 2273 916 2402 plene
934 2323 978 2379 ac
1004 2299 1173 2401 perfecte
1201 2301 1410 2401 dijudicari
1437 2312 1577 2407 possit,
1607 2315 1683 2388 ubi

209 2452 378 2531 consilio
401 2475 445 2530 ac
472 2449 651 2525 libertate
670 2448 870 2538 humana,
902 2470 988 2522 non
1016 2446 1181 2524 fortuito
1207 2447 1269 2525 vel
1293 2451 1525 2530 necessitate
1548 2455 1683 2556 aliqua

207 2590 381 2671 oriunda
406 2589 604 2676 videatur,
634 2583 746 2662 haud
766 2584 955 2661 inutilem
977 2608 1139 2686 operam
1165 2602 1344 2666 nostram
1370 2589 1494 2672 finisse
1518 2598 1683 2676 arbitra·

206 2753 323 2828 metr,
355 2735 425 2836 qui
451 2747 491 2811 et
511 2729 764 2834 propositum
785 2731 923 2830 poitae
944 2731 988 2806 in
1010 2729 1144 2808 fabula
1169 2733 1377 2812 scribenda
1403 2743 1682 2836 aperuerimus

207 2898 246 2960 et
265 2882 561 2980 comparatione
580 2872 762 2951 instituta
787 2871 1081 2948 ostenderimus
1105 2872 1212 2947 inter
1236 2875 1462 2974 complures
1486 2881 1681 2958 tractandi

207 3025 288 3103 vias
312 3020 550 3121 Sophoclem
571 3043 660 3099 eam
681 3017 860 3117 elegisse,
896 3035 997 3116 quae
1020 3012 1081 3089 vel
1103 3014 1363 3116 subsequenti
1389 3017 1549 3100 aemulo
1573 3021 1680 3096 nihil

207 3163 287 3242 nisi
311 3161 549 3240 deteriorem
569 3156 726 3237 fabulae
746 3154 920 3234 formam
941 3155 1256 3254 amplectendam
1282 3161 1525 3262 reliquissem
1550 3176 1680 3265 utque

207 3304 305 3383 haec
322 3302 422 3382 levia
436 3303 576 3379 multis
594 3316 712 3404 atque
729 3301 842 3377 exilia
858 3298 1067 3378 videantur
1082 3324 1175 3401 prae
1192 3302 1242 3379 iis
1260 3325 1361 3403 quae
1378 3305 1428 3381 ad
1443 3281 1678 3382 interiorem

210 3448 397 3525 dramatis
417 3471 567 3524 nexium
586 3446 916 3546 singularumque
935 3443 1111 3545 partium
1130 3458 1381 3523 venustatem
1399 3446 1679 3527 illustrandam

208 3592 449 3692 pertineant,
481 3615 617 3667 umun
648 3589 824 3689 aliquem
853 3587 991 3666 locum
1015 3586 1196 3687 quamvis
1225 3587 1419 3685 exiguum
1445 3591 1492 3666 ab
1522 3593 1679 3692 integro

208 3738 354 3816 nostris
390 3737 539 3814 viribus
572 3749 807 3838 pertractare
840 3758 964 3836 quam
998 3731 1283 3832 grandissimae
1317 3731 1423 3810 aleae
1454 3759 1557 3835 opus
1588 3752 1682 3837 post

208 3895 268 3959 tot
298 3880 471 3958 aliorum
506 3879 717 3958 conamina
753 3873 941 3952 inchoare
976 3894 1020 3950 ac
1054 3868 1190 3946 leviter
1222 3881 1379 3946 tantum
1414 3874 1680 3978 perstringere

207 4025 444 4104 maluimus.

674 4113 1214 4149 ‚‚,......‹««<0»>·>»n--
