3674 4636
184 1317 497 1484 Temerarius
519 1394 707 1512 profecto
729 1387 900 1495 videar,
929 1388 1011 1476 Vir
1028 1383 1413 1497 Excellentissime,
1444 1394 1520 1506 qui
1537 1393 1660 1500 Tibi,

184 1563 255 1643 cui
292 1556 539 1642 Boeckhius
577 1553 837 1656 Pindarum,
886 1547 1129 1632 Creuzerus
1166 1548 1435 1660 Dionysum,
1479 1550 1687 1672 Vossius«
1760 1583 1762 1589 ⁴

183 1719 514 1834 Aristophanem
547 1712 906 1817 consecraverint,
934 1709 1031 1796 leve
1055 1711 1368 1797 munusculum
1399 1711 1554 1800 offerre
1584 1744 1660 1801 au·

183 1877 333 1984 deam,
371 1873 489 1989 quod
522 1903 601 1960 nec
630 1875 744 1960 mole
773 1902 852 1958 sua
879 1901 960 1957 nec
990 1873 1180 1987 pondere
1211 1873 1453 1990 quidquam
1484 1877 1658 1964 illorum
1694 1903 1696 1906 ·

184 2044 255 2132 vel
291 2042 417 2155 longo
451 2040 676 2127 intervallo
705 2057 883 2151 aequet3
928 2053 969 2119 at
998 2065 1103 2122 voro
1134 2056 1347 2149 quantum
1378 2038 1422 2122 in
1454 2067 1525 2122 mo
1554 2060 1660 2126 esset

184 2202 449 2288 committere
471 2200 614 2303 nolui,
644 2217 694 2282 ut
713 2201 957 2285 intestatum
980 2171 1193 2308 maneret,
1224 2221 1384 2315 quanta
1405 2204 1479 2289 Tu
1501 2204 1660 2292 huma-

181 2364 312 2452 nitate
343 2381 384 2447 et
413 2358 637 2448 clementia
664 2389 836 2475 semper
865 2389 952 2444 non
982 2360 1125 2444 solum
1155 2390 1331 2475 magnos
1361 2366 1477 2450 viros
1509 2362 1659 2454 debitis

181 2524 419 2611 honoribus
451 2521 666 2626 affeceris,
704 2549 860 2608 verum
892 2524 1019 2610 etiam
1051 2552 1361 2638 quemcunque
1391 2526 1493 2610 Tibi
1523 2527 1657 2614 bona-

181 2714 284 2775 rum
309 2685 467 2771 artium
490 2683 698 2768 cultorem
723 2680 899 2794 aliquod
921 2681 1052 2794 ipsius
1078 2680 1270 2767 studium
1299 2682 1657 2804 commendasset,

180 2866 350 2968 praeter
372 2872 547 2930 omnem
572 2844 929 2957 exspectationem
951 2845 1190 2957 exceperis,
1218 2873 1362 2958 neque
1383 2847 1426 2930 in
1447 2848 1540 2961 ipso
1561 2866 1657 2934 tnn-

177 3028 275 3095 tum
314 3033 464 3092 rerum
501 3005 665 3117 fastigio
700 3003 949 3088 constitutus
981 3001 1218 3118 splendoris
1246 3007 1379 3118 gratia
1409 3005 1487 3091 has
1514 3008 1656 3095 literas

180 3167 423 3271 ornaveris,
451 3163 527 3249 sed
554 3164 598 3248 in
630 3162 714 3247 otio
744 3155 922 3276 quoque
951 3183 992 3248 ot
1017 3165 1198 3253 adversa
1226 3164 1472 3251 valetudine
1499 3165 1565 3250 his
1589 3169 1655 3253 Te

178 3329 440 3419 recreaveris
477 3327 616 3440 iisque
652 3350 829 3436 operam
860 3322 930 3407 vel
959 3323 1039 3437 ipsi
1072 3323 1288 3438 philologo
1317 3354 1403 3409 non
1435 3328 1654 3439 poeniten-

178 3487 280 3575 dam
319 3485 591 3602 impenderis.
664 3484 753 3568 Vix
796 3481 911 3566 enim
957 3484 1199 3597 quidquam
1243 3484 1428 3570 inveniri
1468 3505 1654 3600 poterat,

179 3647 299 3764 quod
313 3652 357 3734 in
374 3668 489 3734 tanta
507 3676 656 3734 rerum
675 3666 922 3733 nostrarum
946 3645 1106 3732 invidia
1127 3646 1349 3732 hominem
1373 3650 1649 3763 antiquarum

177 3811 400 3900 literarum
434 3811 673 3899 studiosum
714 3814 849 3926 magis
885 3809 1117 3916 solaretur,
1157 3834 1293 3921 quam
1332 3809 1451 3921 quod
1483 3811 1651 3917 virum,

178 3976 248 4060 cui
284 4003 429 4089 neque
457 4004 483 4062 a
511 3976 675 4090 generis
699 3974 937 4082 nobilitate,
979 4001 1123 4087 neque
1156 3971 1210 4057 ab
1239 3972 1456 4058 honorum
1486 3971 1647 4086 gradu,
