3684 4624
810 379 1085 478 ...7ss.·-

209 608 402 685 Arionem
434 617 607 710 equum,
645 608 711 686 cui
745 631 818 710 per
841 604 1067 685 'dominum
1100 605 1315 686 Adrastum
1348 607 1517 688 demum
1547 609 1691 714 aliqua

210 780 305 833 cum
339 755 471 836 Furiis
505 759 758 837 necessitudo
775 755 1074 847 intercederet,
1116 757 1431 858 quampridem
1465 759 1691 838 coluissent

207 903 361 1002 Erinyn
386 905 436 980 ad
463 909 628 982 Terram
653 905 853 1005 primum,
877 927 973 978 mox
998 904 1049 981 ad
1075 907 1262 982 Cererem
1277 909 1561 1004 ‹traducerent3
1594 906 1688 992 t'an·
1799 931 1817 970 ·‘

208 1069 381 1154 tumque
404 1055 514 1130 abest
533 1067 581 1129 ut
600 1055 633 1129 si
655 1053 755 1153 quid
776 1053 923 1130 nostris
947 1053 1326 1152 judiciis'absonum
1350 1061 1415 1138 vel
1439 1063 1685 1144 obscaenum

208 1206 254 1281 in
279 1217 409 1282 vetere
432 1203 566 1283 fabula
590 1205 788 1296 videatur,
819 1203 1031 1303 poiit'arum
1058 1209 1297 1285 commentis
1323 1211 1587 1291 tribuendum
1613 1204 1683 1308 sit,

207 1368 256 1432 ut
280 1355 411 1432 multo
438 1357 595 1457 saepius
627 1357 756 1456 ipsam
788 1354 1163 1455 antiquissimorum
1189 1363 1421 1456 temporum
1452 1358 1685 1459 simplicita-

207 1519 289 1584 tem
305 1504 466 1598 referat,
491 1507 617 1607 po'e‘tis
633 1519 769 1585 autem
788 1528 833 1583 ea
849 1505 984 1607 potius
1002 1504 1237 1592 debeamus,
1260 1507 1362 1605 q'ua'e
1379 1505 1686 1594 concinnandae

177 1683 181 1779 j
206 1660 504 1761 explicandaeve
526 1659 585 1734 rei
599 1656 848 1734 'extrinsecus
872 1657 1118 1734 accesserint
1163 1657 1226 1734 Sic
1243 1657 1427 1748 interea,
1454 1679 1553 1757 quae
1567 1656 1680 1732 Prel÷

175 1786 181 1874 l
204 1805 314 1886 lenus
331 1807 375 1883 in
393 1805 467 1885 hac
487 1804 621 1884 fabula
640 1806 734 1882 satis
757 1803 886 1882 multa
905 1803 1163 1906 reprehendit
1177 1802 1246 1901 ³2),
1272 1817 1369 1879 sunt
1388 1805 1556 1905 quidem
1577 1829 1683 1908 quae

151 1937 154 1942 ⁵
206 1974 245 2037 et
274 1960 349 2061 ipsi
384 1959 433 2034 ab
465 1958 513 2034 iis
545 1959 712 2034 demum
737 1955 912 2057 profecta
938 1956 1230 2047 existimamus,
1263 1956 1333 2054 qui
1361 1956 1681 2036 aut'Eleusinias

203 2108 357 2185 fabulas
382 2108 580 2186 Arcadicis
613 2108 878 2200 admiscerent
901 2124 971 2186 aut
1003 2107 1227 2216 naturalem
1252 2107 1310 2183 rei
1335 2109 1509 2207 spe'ciem
1537 2134 1677 2212 seque-

205 2274 366 2354 rentur,
392 2276 440 2336 ut
462 2261 571 2336 verbi
597 2283 714 2338 causa
739 2263 773 2336 si
800 2263 986 2338 Cererem
1012 2260 1057 2334 in
1080 2281 1225 2358 eqrtam
1251 2271 1447 2335 mutatam
1472 2259 1679 2354 dicebant,

205 2408 300 2510 quia
317 2431 402 2484 non
416 2405 706 2506 intelligebant,
728 2407 936 2508 quomodo
954 2430 1001 2483 ex
1018 2406 1094 2482 deo
1112 2419 1150 2482 et
1165 2406 1236 2484 dea
1254 2431 1383 2507 equus
1400 2405 1504 2486 nasci
1520 2419 1675 2505 possct3

205 2557 317 2660 qrrod
341 2568 476 2634 autem
500 2554 603 2632 illud
628 2580 791 2657 quoque
815 2554 1038 2631 absurdum
1065 2575 1149 2628 esse
1176 2551 1245 2642 ait,
1272 2551 1387 2628 deam
1413 2565 1602 2653 agrestem
1625 2556 1676 2632 in

203 2706 419 2783 Furiarum
453 2727 676 2780 numerum
708 2699 865 2792 referri,
899 2701 978 2800 jam
1004 2726 1089 2777 non
1116 2700 1289 2806 amplius
1314 2700 1474 2800 politam
1500 2699 1676 2802 aliquem

204 2847 478 2928 fabularumve
495 2850 778 2948 interpretum,
803 2848 873 2924 scd
893 2847 977 2947 ipsa
996 2845 1341 2948 Thelpusaeorum
1367 2870 1477 2924 sacra
1500 2848 1674 2962 incusat,

204 3025 278 3079 nec
303 3003 478 3102 profecto
504 3002 749 3080 considerate
774 3002 870 3102 egit,
897 3000 998 3077 dum
1023 2995 1229 3095 antiquam
1255 2994 1491 3094 religionem
1516 3020 1538 3076 a
1563 2997 1674 3074 locu·

192 3150 424 3252 -pletissimo
450 3163 548 3228 teste
571 3149 771 3252 proditam
805 3110 1059 3226 adfictiones
1086 3145 1439 3245 grammaticorum
1465 3149 1527 3224 vel
1551 3149 1673 3225 inter·

11 3251 363 3410 When
386 3302 542 3384 somnia
562 3300 734 3400 relegare
757 3324 879 3402 msam
902 3319 1038 3375 sarisas
1061 3295 1145 3394 ejus
1166 3295 1352 3396 indagare
1375 3298 1536 3390 maluit3
1562 3323 1673 3401 prae-

203 3455 340 3530 sertim
367 3477 496 3552 quum
518 3416 628 3528 harad
653 3448 751 3526 adeo
775 3443 1009 3530 difficilesit
1031 3448 1082 3526 ad
1107 3445 1434 3546 intelligendum,
1460 3441 1669 3549 quodiam

192 3681 193 3688 ἵ
271 3691 321 3758 52)
344 3691 375 3744 Ρ.
394 3690 447 3743 187
453 3713 460 3742 a
488 3689 524 3742 Sc
547 3687 637 3743 warde
659 3687 731 3742 δαηη
753 3707 802 3741 aus
827 3687 873 3742 cler
899 3687 939 3741 Ge
963 3689 1009 3743 dcc
1028 3687 1198 3742 Antimachus
1219 3688 1275 3741 urttl
1298 3687 1344 3740 cler
1367 3689 1466 3759 Erinys
1488 3689 1536 3741 tle
1561 3687 1674 3744 net-ts

202 3789 259 3838 ciue
280 3787 398 3838 Demeter
420 3785 528 3853 Erinys.
577 3781 643 3834 Wte
666 3783 780 3844 abstersi,
809 3783 851 3835 dte
872 3784 1042 3858 Aclcergdttr’n
1070 3793 1147 3837 unter-
1174 3785 1216 3836 alic
1242 3782 1360 3853 Erinyes
1388 3803 1421 3837 att
1444 3795 1595 3848 tumme
1623 3788 1674 3839 wt‘e

200 3878 316 3950 baselicis
333 3878 403 3931 dicae
420 3871 704 3937 Stulta-Machmas,
721 3877 770 3928 wie
788 3878 930 3950 ungmiost
947 3877 1065 3940 ruwet,
1088 3877 1208 3930 Demeter
1223 3880 1263 3930 set
1277 3879 1306 3930 in
1322 3877 1366 3930 alic
1384 3876 1494 3950 Gegeud
1508 3877 1673 3950 gnitum,

142 3998 145 4003 ·
201 3993 245 4027 usn
261 3971 426 4046 Pmcpbm
447 3990 480 4024 zu
503 3969 613 4032 saules,
632 3969 692 4022 und
713 3967 841 4032 met,
865 3973 904 4025 sic
924 3971 991 4025 itale
1008 3971 1077 4025 dicte
1094 3977 1147 4024 crat
1160 3987 1218 4024 vom
1234 3970 1366 4024 Poseidon
1383 3971 1541 4044 ampfnngcu
1557 3971 1615 4024 und
1629 3987 1675 4043 ge»

203 4067 281 4118 lom
290 4070 299 4116 l
