3684 4624
759 413 1040 496 ...71-

158 631 463 730 appellationem
487 653 582 705 cum
603 616 746 704 Cerere
770 637 809 700 et
825 623 1064 724 Proserpina
1079 645 1344 706 communem
1361 604 1548 700 habuisse
1566 605 1636 722 16),

157 801 231 856 nec
257 780 422 875 Xepvaiv
454 797 696 876 cognomen,
718 773 838 872 ¹quod
867 775 1000 852 Furiis
1026 776 1070 849 in
1096 773 1222 850 Attica
1252 772 1431 849 solemne
1458 787 1541 848 erat
1565 774 1632 870 Ι1),

158 957 253 1008 cum
288 924 369 1006 illis
405 924 695 1003 communicari
734 948 850 1024 posse
874 924 953 1020 ¹⁸),
994 939 1130 1004 tamen
1164 922 1388 1000 Eleusinias
1423 921 1636 1021 religiones

156 1078 328 1154 minime
360 1097 570 1152 moramur
598 1072 666 1172 ¹⁹),
700 1072 823 1164 modo
859 1095 949 1188 earn
983 1075 1171 1148 Cererem
1204 1070 1473 1160 retineamus,
1512 1094 1635 1169 quam

158 1247 542 1269 Μ

227 1335 276 1404 16)
294 1335 396 1391 Scilicet
414 1332 563 1402 νάρκισαον
578 1331 718 1401 malaca
736 1333 820 1384 θεαῖν
837 1329 959 1398 ἀρχαῖον
974 1327 1146 1396 στεφάνωμα
1163 1330 1234 1396 apud
1246 1327 1397 1397 Sophoclem
1414 1331 1448 1380 ad
1458 1330 1551 1382 Furias
1569 1338 1637 1384 ratu-

157 1431 243 1480 leruat
260 1427 410 1478 Eustathius
433 1429 467 1478 ad
484 1427 558 1476 lliad.
577 1424 683 1476 1.ιῖθὸ
706 1430 732 1474 et
750 1421 911 1482 Scholiasta,
936 1422 980 1488 qui
997 1425 1083 1472 tarnen
1101 1421 1149 1471 etsi
1166 1419 1355 1487 Euphorionem
1372 1425 1462 1471 testcm
1479 1421 1569 1474 laudat
1596 1426 1638 1489 (cf.

157 1520 263 1572 hleinek.
282 1523 316 1572 ad
334 1519 417 1588 Euph.
434 1536 461 1586 p.
476 1518 554 1583 lii),
571 1535 622 1570 noa
639 1534 770 1568 moremur
787 1517 940 1567 auctoritate
957 1515 1067 1566 hominis
1084 1519 1218 1581 poetarum
1235 1517 1318 1584 magis
1335 1515 1443 1566 lectione
1460 1533 1536 1582 quam
1552 1535 1637 1568 reram

157 1615 301 1684 cognitione
325 1614 434 1672 eruditi,
460 1612 505 1678 qui
528 1611 551 1660 si
576 1610 729 1677 Sophoclem
751 1625 887 1678 perperam
912 1607 1087 1668 intellexerat,
1113 1613 1182 1659 totus
1206 1607 1260 1675 ejus
1278 1608 1350 1658 locus
1367 1609 1435 1658 inter
1450 1607 1485 1662 rol
1503 1611 1637 1678 νεωτέρων

156 1702 279 1774 ποιητῶν
295 1701 539 1771 regeneratam,
558 1706 587 1751 ut
604 1702 641 1752 eit
651 1702 738 1769 Apoll.
751 1701 802 1752 lex.
814 1701 917 1752 Homer.
934 1717 960 1768 p.
973 1699 1032 1751 tlt.
1042 1698 1094 1762 55,
1111 1700 1258 1750 referendus
1274 1699 1339 1760 erit,
1357 1699 1442 1767 qualia
1454 1700 1510 1768 jam
1527 1701 1637 1754 Aristar·

157 1796 219 1846 chus
236 1794 378 1864 collegerat
401 1794 444 1860 (ct.
461 1791 541 1842 lehre
564 1793 596 1843 de
615 1795 683 1844 stud.
701 1793 843 1872 Aristarchi
864 1810 892 1861 p.
910 1792 960 1859 51)
986 1809 1068 1859 neque
1086 1791 1273 1859 Euphorionem
1290 1793 1385 1844 vitasse
1401 1792 1442 1843 vel
1460 1795 1519 1845 inde
1536 1788 1659 1862 prodit,‘

157 1889 226 1957 quod
253 1887 394 1938 Homerum
424 1887 544 1938 videlicet
572 1892 675 1938 secutus
702 1890 764 1940 deos
791 1887 903 1949 κόπους
929 1891 1014 1940 dicere
1042 1905 1094 1938 non
1120 1884 1237 1946 eruhuit,
1267 1887 1299 1936 ct'.
1323 1885 1443 1952 Apollon.
1467 1905 1493 1954 p.
1514 1889 1573 1940 153.
1590 1890 1637 1944 20.

158 1977 298 2048 Μεγάλαι·
316 1976 390 2039 θεάς
407 1985 493 2030 autem
510 1979 629 2030 Cererem
647 1985 672 2032 ct
690 1979 870 2048 Proserpinam
889 1975 1016 2048 appellari
1034 1977 1124 2030 solitas
1143 1992 1198 2028 csse
1216 1975 1357 2027 Pausanias
1375 1979 1441 2030 vm.
1458 1981 1501 2032 51.
1522 1984 1537 2035 l
1559 1989 1637 2042 tosta.

157 2082 216 2136 tur,
233 2090 314 2141 neque
330 2079 386 2124 crat
403 2091 449 2124 cur
467 2073 597 2126 Prellerus
615 2091 641 2142 p.
654 2074 710 2127 170
727 2075 775 2126 hoc
792 2092 883 2126 nomeu
900 2072 941 2124 rel
958 2071 1084 2120 Arcadiae
1102 2069 1233 2136 proprium
1251 2070 1348 2122 diceret
1365 2072 1404 2122 vel
1421 2093 1452 2126 cx
1468 2079 1639 2150 religionibus

157 2168 272 2221 Orientis
283 2167 505 2236 Orphicorurnque
522 2167 626 2236 placitis
644 2169 787 2231 derivaret,
806 2169 950 2236 siquidem
969 2171 995 2216 ct
1013 2163 1176 2214 iulllcssenia
1194 2169 1405 2215 commemoretur
1422 2173 1448 2218 et
1465 2171 1542 2224 claris
1552 2175 1637 2232 rethia

157 2263 191 2313 ad
215 2263 372 2314 Eleusiniam
400 2263 525 2333 originem
550 2266 660 2315 retertur
690 2267 759 2332 apud
783 2264 890 2317 eundem
912 2261 953 2313 tv.
974 2257 1034 2312 {dl
1059 2264 1084 2312 et
1102 2257 1145 2310 tt.
1165 2255 1198 2318 l;
1227 2257 1432 2338 Furias-contra
1454 2262 1510 2330 jam
1532 2276 1639 2336 propter

158 2353 258 2404 dualem
282 2370 416 2404 numerum
441 2355 511 2422 apud
529 2355 683 2424 Sophoclem
707 2357 821 2429 intelligi
844 2373 896 2407 non
919 2370 996 2421 posse
1015 2352 1114 2403 monuit
1131 2350 1299 2418 Spauhemius
1317 2354 1351 2403 ad
1369 2351 1469 2406 Gallim.
1487 2359 1519 2409 ll.
1536 2363 1564 2410 in
1581 2361 1639 2426 Ger,

157 2458 180 2496 r.
200 2445 266 2508 {¹223
296 2441 366 2515 quad
390 2447 457 2496 euim
476 2446 560 2498 Schol.
580 2447 673 2514 Oedip.
692 2448 781 2498 Colon.
805 2463 828 2497 v.
846 2446 885 2498 59
910 2443 1055 2512 Phylarcho
1081 2449 1184 2494 auctore
1202 2450 1228 2492 ct
1244 2445 1315 2512 ipsas
1332 2447 1396 2496 duas
1413 2453 1513 2503 tanatum
1530 2447 1648 2508 Athenis¹

156 2537 238 2590 luisse
255 2544 361 2596 narrat,
378 2539 473 2588 rectius
491 2555 567 2604 quam
583 2537 726 2588 Lobeclsius
743 2539 771 2587 in
788 2537 916 2616 Aglaoph.
934 2552 960 2600 p.
975 2533 1011 2584 82
1028 2534 1145 2602 sitltgius
1161 2535 1187 2583 lu
1205 2533 1288 2584 Calal·
1307 2537 1381 2586 Attii·
1399 2554 1425 2604 P·
1438 2540 1493 2592 154
1509 2543 1546 2594 ita
1564 2564 1638 2614 expe·

159 2622 238 2689 ai'vie,
255 2635 285 2679 ut
301 2627 474 2694 Phylarchum
489 2629 543 2698 'duo
560 2632 661 2676 tantum
678 2644 766 2682 earum
784 2627 873 2695 signa,
892 2644 956 2694 quae
968 2625 1064 2692 Scopas
1081 2626 1184 2687 feccrit,
1203 2627 1297 2678 vidisse
1315 2633 1425 2690 statuat,
1444 2633 1535 2698 quihus
1553 2642 1637 2690 umen

158 2725 262 2773 tertiam
281 2720 389 2790 posthac
406 2721 530 2772 accesisse
549 2717 665 2769 Clemens
681 2718 898 2814 Alex.'.l'rotrept-
917 2738 942 2788 p.
955 2719 995 2770 50
1012 2719 1083 2786 sylb.
1100 2723 1217 2779 testator.

228 2833 274 2902 17)
299 2834 407 2887 Pausan.
432 2833 450 2882 l.
468 2833 511 2887 18.
529 2830 564 2884 o=
592 2828 727 2886 καλοῦσιν
743 2827 889 2900 Ἀθηναῖοι
914 2829 1048 2898 Σιμνάς,
1075 2823 1202 2892 Ἠσίοδος
1225 2831 1256 2882 di
1281 2827 1407 2899 Ἐριννῦς·
1424 2831 1454 2888 ἐν
1481 2835 1635 2911 Oeoyosr'p:

159 2933 189 2984 el.
209 2933 317 2982 eundem
334 2930 365 2980 ll.
385 2927 426 2980 11.
443 2927 476 2990 A,
493 2929 620 2996 pluraque
637 2928 708 2996 apud
723 2929 818 2980 Maure.
837 2928 917 3006 heett.
935 2926 987 2977 Att.
1007 2925 1049 2976 tv.
1068 2923 1099 3000 1Ἰ
1116 2923 1200 2976 Voles.
1219 2924 1252 2974 ad
1270 2923 1394 2990 llarpocr.
1411 2935 1437 2993 p.
1449 2925 1521 2990 550,
1540 2931 1636 2989 omn,

158 3027 193 3078 ad
209 3024 316 3076 l’hilem.
333 3039 360 3091 p.
374 3021 428 3074 {62
441 3027 488 3073 etc.

229 3135 274 3201 18)
298 3134 337 3185 Gt.
352 3133 423 3184 Bast.
441 3132 524 3200 Epist.
550 3133 608 3204 erit.
632 3146 659 3198 p.
677 3130 753 3192 101,
778 3132 821 3184 cui
845 3148 909 3198 qaae
932 3132 1052 3201 opposuit
1071 3131 1211 3185 Cremerae
1236 3131 1262 3180 iu
1280 3128 1393 3198 Symhol.
1417 3131 1446 3182 Τ.
1462 3133 1505 3194 ll',
1528 3124 1635 3202 pm,

156 3225 299 3282 Monstra·
323 3226 357 3276 ad
374 3224 504 3276 Menandr.
529 3241 555 3290 p.
571 3222 630 3276 ato
651 3222 822 3290 probabiliter
838 3223 949 3289 refellit,
974 3225 1090 3295 quamvis
1106 3223 1152 3276 ille
1170 3229 1196 3276 ct
1214 3223 1331 3274 Vossium
1349 3225 1527 3276 assentientem
1543 3227 1636 3281 haheat

158 3293 205 3388 (ul
221 3320 255 3372 ll.
272 3321 299 3372 ia
312 3319 368 3372 Ger.
386 3334 413 3385 p.
425 3317 455 3368 ht
481 3317 523 3368 dle
539 3317 644 3367 Attilrer
662 3315 805 3368 traoctna
821 3335 849 3378 es
864 3316 1016 3388 correptas
1032 3333 1084 3368 oon
1101 3315 1147 3372 der
1163 3314 1320 3382 mprtirchcn
1336 3316 1454 3367 Demeter
1471 3301 1531 3370 arrad¹
1543 3322 1634 3374 Perse·

157 3413 233 3480 ferm,
263 3411 319 3464 aad
341 3429 392 3462 uon
420 3409 470 3462 deo
493 3409 664 3478 Eumenides)
693 3430 739 3464 nec
764 3412 893 3468 Prelleras
917 3412 967 3464 sihi
997 3413 1033 3481 (p.
1053 3411 1118 3478 191)
1148 3411 1210 3460 satir
1234 3410 1267 3459 ah
1290 3410 1509 3467 haccontusione
1532 3423 1635 3474 caverit.

160 3506 285 3560 Nimirum
308 3503 382 3556 aliud
404 3510 444 3556 est
459 3505 615 3557 venerandas
633 3505 699 3565 dici,
726 3509 794 3572 quod
811 3509 929 3559 omnihus
947 3508 998 3558 diis
1014 3506 1112 3575 pariter
1127 3504 1261 3563 convenit,
1286 3503 1357 3555 aliud
1374 3506 1411 3555 ita
1428 3511 1581 3576 nuncupari,
1607 3521 1637 3564 at

160 3619 250 3652 nomen
274 3599 458 3667 appellativum
481 3600 509 3650 in
531 3599 666 3666 proprium
689 3605 817 3662 temsoata
840 3602 888 3655 hoo
911 3607 997 3654 cutm
1019 3616 1095 3654 amsa
1112 3597 1206 3650 Furiae
1228 3613 1279 3648 non
1303 3598 1387 3646 minus
1403 3602 1507 3668 proprie
1526 3601 1635 3668 Σεμναὶ

161 3693 242 3744 dictae
260 3708 315 3742 esse
331 3691 467 3751 ridentur,
490 3706 567 3758 quam
582 3689 712 3757 μεγάλων
728 3709 819 3744 nornen
834 3695 924 3771 ¹Cereri
939 3700 966 3746 et
982 3694 1151 3760 Proserpinae
1168 3688 1296 3757 peculiare
1314 3696 1377 3740 erat.

231 3798 277 3864 ta)
305 3797 359 3850 lla·
382 3799 450 3850 euim
474 3799 589 3865 qumvis
613 3799 699 3852 indole
722 3806 748 3852 et
771 3805 873 3856 numine
897 3809 1035 3874 cognatas,
1063 3809 1148 3856 tamea
1172 3804 1266 3857 t'rhulie
1288 3810 1314 3856 et
1330 3807 1480 3858 ceremoniis
1498 3809 1634 3862 admodum

161 3894 291 3952 diruam,
315 3893 397 3943 serius
419 3894 523 3944 demum
539 3892 663 3961 Erinyum
680 3888 759 3948 sacris
778 3898 935 3950 exninsecue
952 3899 1079 3950 admixtas
1096 3915 1152 3951 esee
1169 3900 1210 3951 rel
1226 3900 1284 3968 ipsa
1300 3900 1346 3950 illa
1362 3901 1454 3953 ricinia
1471 3904 1561 3962 docet,
1584 3921 1635 3970 qua

161 3993 187 4037 et
208 4001 288 4054 prope
306 3985 461 4052 Thelpusaru
478 3987 637 4042 Eleusiniam
661 4005 726 4042 cana·
742 3989 839 4056 templo
856 3989 960 4059 lirinyir
977 3991 1081 4044 Oacaeo
1106 3989 1192 4056 (Paos.
1209 3991 1275 4042 Vnt.
1294 3991 1339 4043 Sd.
1356 3993 1385 4057 1)
1410 3998 1436 4044 et
1454 3994 1559 4044 Athenis
1577 4011 1635 4045 cunr

160 4079 330 4130 Bumenidum
346 4081 406 4130 lano
425 4079 513 4132 suhter
530 4079 691 4150 Areopagum
710 4080 799 4147 (Pauo.
815 4081 834 4133 l.
850 4081 893 4134 28.
911 4085 941 4153 6)
960 4059 1174 4157 conjungelsatar,
1194 4087 1246 4136 situ
1263 4091 1347 4135 temen
1365 4089 1391 4136 et
1409 4086 1492 4151 spatie
1510 4087 1633 4144 discreto,
