3674 4636
778 439 828 456 ...
874 387 949 526 ⁸45
986 437 1058 516 .'''

179 607 326 706 jubere.
378 604 501 700 Quod
522 601 637 680 enim
664 595 854 677 divinitus
880 597 954 676 sihi
980 597 1188 699 proditum
1208 598 1258 696 sn)
1286 601 1466 700 Oedipus
1493 604 1650 684 Theseo

153 757 395 858 promissit,
421 749 568 852 corpus
591 774 736 838 suum,
762 748 795 824 si
813 746 938 824 Attica
961 745 1005 822 in
1028 759 1130 824 terro
1151 747 1362 824 conditum
1380 744 1519 839 serent,
1543 773 1652 852 mag·

177 936 282 988 num
306 906 509 1006 indigenis
534 901 799 1003 praesidium,
829 895 1030 974 Thebanis
1056 892 1208 972 cladem
1234 890 1451 1003 allaturum
1477 918 1562 972 esse
1582 895 1652 993 2⁵),

247 1168 295 1234 95)
315 1167 352 1218 Ol.
366 1164 510 1216 Lachmann
526 1162 544 1212 1.
557 1178 578 1213 e.
597 1178 622 1230 p.
633 1161 688 1212 599
699 1175 770 1228 sqq,
792 1159 837 1226 qui
856 1163 940 1208 tumen
957 1161 1025 1208 recte
1043 1157 1094 1208 duo
1110 1156 1214 1209 oruculn
1231 1156 1367 1226 distinguit
1384 1156 1478 1208 diversi
1494 1125 1654 1227 argumenti,

179 1259 213 1313 uls
233 1259 426 1310 ottomanus
448 1257 482 1304 ad
500 1271 522 1305 v.
535 1251 591 1304 599
614 1251 715 1302 ctinmsi
737 1267 787 1301 non
809 1249 909 1310 verbis,
933 1265 961 1299 re
987 1253 1086 1309 tumen,
1109 1250 1160 1299 nisi
1178 1249 1281 1321 egregie
1298 1249 1391 1310 fallor,
1413 1251 1480 1300 inter
1496 1265 1523 1300 se
1540 1251 1654 1301 contusa.
1725 1298 1731 1306 Α

180 1355 350 1424 deprehendit
372 1353 439 1404 enim
461 1355 579 1418 podium,
605 1364 655 1399 nou
677 1346 742 1398 hene
763 1345 798 1395 nh
820 1361 850 1395 eo
872 1340 1017 1410 institutum
1040 1341 1139 1402 diceus,
1162 1348 1192 1392 ut
1215 1345 1284 1410 quod
1307 1341 1350 1392 hic
1372 1343 1507 1393 nuncietur
1523 1343 1655 1395 emendum

179 1449 244 1500 nihil
267 1448 317 1498 uisi
340 1445 471 1498 confirmet
488 1443 619 1506 antiquum
637 1438 709 1488 illem
726 1437 877 1495 dictionem,
904 1451 968 1501 quse
985 1435 1087 1502 Oedipo
1104 1435 1166 1486 olim
1184 1437 1244 1487 date
1261 1439 1355 1497 tuerit,
1378 1455 1459 1505 neque
1481 1440 1584 1489 eundern
1601 1455 1656 1490 rem
1744 1463 1748 1470 ·

179 1545 299 1607 tunquam
314 1554 408 1589 novum
426 1537 488 1604 quid
504 1551 552 1602 per
569 1531 798 1584 contabulationem
815 1528 915 1594 exquiri
933 1527 1066 1589 debuisse,
1084 1531 1130 1579 sed
1143 1530 1229 1595 potius
1246 1531 1366 1580 contiuua
1383 1532 1497 1582 oratioue
1512 1531 1545 1582 nls
1558 1531 1656 1583 Ismene

179 1633 352 1684 nunciandum
367 1631 449 1680 fuisse
467 1609 520 1687 hit,
546 1625 680 1676 rescivisse
696 1621 825 1689 principes
844 1619 1023 1674 Thebanorum
1041 1624 1103 1690 quid
1120 1624 1183 1674 olim
1201 1625 1302 1692 Oedipo
1319 1625 1450 1678 oraculum
1467 1629 1655 1695 respondissem

180 1743 230 1792 qun
253 1725 285 1775 de
309 1741 338 1774 re
359 1740 401 1772 sne
424 1721 526 1788 quidem
544 1718 620 1787 longe
644 1715 720 1766 uliter
737 1715 837 1766 *sentire
858 1716 950 1767 t'steur.
992 1715 1027 1766 Et
1050 1716 1123 1782 prius
1142 1717 1245 1783 quidem
1261 1716 1381 1779 effatum,
1406 1701 1475 1787 quod
1497 1736 1583 1771 secum
1600 1721 1656 1788 ipse

178 1820 298 1886 Oedipus
315 1816 437 1866 attulerat
450 1815 483 1882 (v.
495 1811 558 1881 88),
577 1813 693 1864 universe
709 1815 809 1862 tanturn
825 1825 897 1878 spen
914 1809 1004 1860 lesisse
1021 1813 1129 1878 apparet
1144 1803 1214 1870 tore,
1231 1814 1262 1860 ut
1278 1809 1333 1878 rjus
1349 1810 1416 1872 lusi,
1432 1811 1477 1862 uhi
1492 1812 1564 1862 exilii
1579 1812 1656 1864 furem

180 1909 333 1969 invenisset,
352 1907 442 1959 incolis
461 1907 569 1956 sulutem
587 1906 629 1972 (cl.
644 1911 670 1954 ct
683 1901 798 1970 1³88),
816 1901 996 1954 Thebanorum
1012 1901 1187 1969 principilsus,
1206 1905 1250 1970 qui
1267 1920 1295 1954 se
1311 1910 1439 1956 extorrem
1456 1905 1580 1976 egissent,
1599 1923 1657 1974 per·

180 2001 272 2054 uiciem
289 1999 392 2050 diferret
409 1999 443 2065 (v.
454 1997 518 2063 95),
543 1999 680 2063 eodemque
698 2002 815 2065 spectant
831 2001 929 2047 veteres
947 1993 1007 2044 illue
1024 1995 1111 2055 (Ιίεεο,
1130 1993 1221 2061 quihus
1238 1995 1403 2062 proficiscens
1419 1997 1487 2048 lilios
1504 2000 1656 2061 devoverat,

181 2113 295 2166 quosque
312 2099 382 2146 sutus
399 2095 454 2145 fore
471 2093 617 2161 Apollinem
636 2091 686 2142 sihi
704 2091 871 2159 spopondisse
889 2092 926 2140 oit
943 2091 977 2154 (v.
990 2085 1062 2145 435,
1087 2087 1119 2136 cl.
1137 2084 1300 2139 Wunderum
1316 2103 1342 2156 p.
1355 2087 1390 2139 17
1400 2093 1465 2158 sq.);
1490 2107 1554 2158 qunc
1571 2097 1657 2146 nutem

180 2187 405 2241 ismenenuuciut
427 2185 548 2246 oracula,
573 2185 637 2252 ipsis
655 2181 784 2233 Thebanis
806 2184 941 2254 ingruente
964 2182 1032 2234 hello
1050 2181 1171 2252 Argolico
1189 2182 1260 2234 editu
1284 2185 1318 2249 (v.
1330 2183 1384 2235 58⁷
1395 2185 1475 2253 sqq),
1500 2186 1547 2238 hoc
1570 2188 1656 2255 potius
1677 2233 1683 2257 ,

181 2283 335 2336 continuisse
359 2280 491 2348 suspicor,
514 2285 544 2330 nt
568 2277 702 2330 Thebanos
725 2277 855 2344 Oedipum
878 2283 905 2328 et
926 2278 1011 2330 virum
1034 2281 1061 2328 et
1081 2282 1211 2328 mortuum
1232 2277 1259 2326 in
1275 2282 1428 2344 potestatem
1452 2297 1524 2330 suum
1540 2281 1658 2352 redigere
1681 2270 1686 2305 ³

175 2375 312 2444 juberent,
341 2375 380 2424 sin
402 2374 431 2426 id
452 2373 640 2444 neglexissent,
669 2372 754 2424 sivum
779 2370 897 2438 quidem,
923 2371 946 2420 si
963 2370 1080 2438 l'nlpnici
1106 2387 1132 2420 sc
1151 2370 1323 2439 ndjunxissct,
1350 2370 1408 2424 huic
1425 2375 1558 2426 victoricus
1575 2367 1668 2428 trihu-¹

180 2476 267 2519 turum
278 2470 313 2535 (r.
325 2467 421 2534 1559),
438 2459 567 2518 mortuum
584 2473 684 2527 antem,
704 2482 852 2532 quoeunque
868 2467 896 2514 in
912 2464 969 2515 loco
988 2466 1101 2532 sepultus
1120 2471 1201 2524 essct,
1219 2466 1347 2516 funestum
1363 2467 1429 2534 ipsis
1444 2470 1559 2520 futurum
1575 2472 1656 2522 minn-
1684 2528 1686 2545 4

180 2569 269 2616 rentm
293 2565 330 2629 (r.
345 2562 429 2629 su),
454 2568 531 2628 utque
553 2564 580 2612 in
598 2561 646 2612 hoc
664 2561 742 2610 etiarn
758 2578 774 2610 u
790 2558 953 2610 Lochmsnuo
970 2555 1110 2615 dissentio,
1135 2557 1179 2622 qui
1197 2554 1354 2608 scholiastae
1372 2561 1406 2609 sd
1428 2576 1451 2611 r.
1465 2561 1519 2612 987
1535 2563 1613 2616 tideus
1630 2565 1657 2616 in
1684 2580 1687 2589 ·

181 2657 366 2709 dubitationem
382 2661 472 2715 vocnt,
490 2656 550 2720 quin
567 2655 593 2702 in
612 2653 753 2702 cnurmndo
770 2650 873 2700 oraculo
890 2648 990 2698 Atticae
1008 2647 1161 2696 mentionem
1178 2648 1275 2698 nullum
1289 2649 1385 2700 feccrit.
1416 2650 1481 2702 Num
1499 2655 1567 2716 quod
1585 2654 1656 2704 uliud
1685 2624 1690 2675 '2

182 2751 295 2804 scholion
313 2749 428 2817 oppellut
450 2751 484 2800 ud
507 2765 531 2800 v.
548 2745 618 2810 157,
644 2745 692 2798 hoc
710 2748 795 2813 ipsum
818 2743 894 2796 claris
912 2739 996 2794 verbis
1019 2741 1115 2790 indicet
1133 2738 1283 2807 Sophoclem
1301 2743 1430 2792 ornsndne
1445 2745 1544 2810 petrice
1563 2761 1655 2807 ceusu,

182 2845 252 2914 quud
274 2844 391 2896 universe
414 2843 512 2892 dictum
534 2841 639 2900 fuisset,
664 2840 822 2910 tragicorum
839 2854 910 2888 more
927 2835 954 2884 in
971 2833 1035 2884 hunc
1052 2833 1214 2900 potissimum
1231 2833 1392 2886 transtulisse
1418 2832 1516 2899 (casira
1533 2836 1563 2890 δὲ
1579 2834 1655 2898 εἰκός

181 2934 394 3004 ποιητικώτερον
411 2928 466 2986 ὑπὸ
484 2929 535 2984 τοῦ
551 2930 739 2999 Σοφοκλέους
755 2928 923 2984 πεπλάσθαι
940 2923 985 2979 ἐπὶ
1004 2921 1142 2996 θεραπείᾳ
1160 2918 1388 2992 εῶνἍθηναίων·
1412 2925 1560 2994 πολλαχοῦ
1578 2930 1609 2983 δὲ
1626 2928 1655 2984 οἱ

182 3027 307 3096 τραγικοὶ
323 3021 487 3094 χαρίζονται
504 3027 565 3098 ταῖς
582 3019 710 3091 πατρίσιν
726 3019 814 3088 ἔνια),
837 3026 916 3088 utque
931 3019 1003 3086 prior
1018 3017 1064 3068 ille
1081 3017 1225 3071 Scholiasta
1243 3019 1299 3070 loeo
1315 3027 1480 3088 praepostero
1496 3039 1550 3072 rem
1567 3039 1654 3076 unm·

183 3124 264 3182 verit,
281 3120 419 3191 genuinum
435 3123 519 3168 tamen
536 3115 634 3166 oruculi
645 3119 824 3187 argumentum
836 3129 950 3164 servasse
963 3113 1077 3164 videtur:
1102 3100 1136 3180 ἦν
1148 3111 1202 3182 γὰρ
1215 3112 1328 3182 λόγων,
1347 3109 1377 3168 e’s
1393 3097 1410 3182 ᾖ
1424 3105 1460 3170 ἂν
1473 3114 1548 3186 ταφῇ
1561 3117 1653 3188 χώρᾳ,

182 3207 286 3280 ἐκείνην
309 3209 395 3278 μηδὲν
418 3207 505 3262 κακὸν
528 3205 676 3261 πείσεσθαι
696 3203 750 3261 ὑπὸ
773 3205 927 3278 θηβαίων,
954 3207 1090 3275 nullusque
1109 3208 1216 3269 dubito,
1235 3209 1297 3276 quin
1315 3227 1347 3259 ex
1365 3210 1445 3276 ipsius
1463 3217 1554 3277 poetae
1571 3219 1655 3266 mente

179 3303 294 3375 Oedipus
311 3304 429 3370 demum,
453 3300 498 3350 uhi
513 3301 628 3352 lsmcncn
644 3301 767 3363 nudierit,
785 3305 893 3374 utroque
911 3301 1014 3354 oraculo
1032 3303 1100 3353 iuter
1117 3318 1144 3352 sc
1161 3304 1302 3369 compositu
1319 3303 1385 3355 illud
1402 3303 1568 3366 heuellciuus,
1586 3309 1655 3374 quod

181 3401 281 3451 Theseo
303 3398 442 3448 identidem
460 3395 558 3464 jactet,
587 3393 721 3466 collegisse
745 3395 885 3446 censendus
909 3396 958 3456 εἰ),
987 3394 1113 3461 siquidem
1138 3395 1167 3445 id
1191 3396 1259 3461 qnod
1284 3394 1333 3445 sihi
1356 3397 1510 3463 promissum
1529 3403 1599 3460 erut,
1624 3415 1655 3454 ex

182 3495 296 3545 lsnsenne
315 3491 406 3542 nuncio
430 3490 574 3542 accuratius
598 3487 704 3540 definire
727 3489 828 3557 potuit,
854 3488 938 3540 locum
961 3491 1045 3540 eutem
1070 3487 1196 3556 sepulcri,
1225 3505 1300 3556 quern
1324 3489 1450 3542 Thebanis
1474 3491 1578 3543 totalem
1600 3495 1656 3546 tore

181 3587 310 3655 posterius
334 3583 466 3635 oraculum
491 3582 604 3641 dixerut,
630 3582 686 3648 ipse
709 3582 812 3632 demum
833 3582 928 3648 prioris
952 3601 1001 3652 ope
1019 3584 1141 3636 Colousssn
1165 3584 1219 3635 sore
1244 3584 1384 3645 intellexit,
1413 3603 1495 3653 neque
1518 3589 1656 3655 quidqunna

184 3680 335 3749 Sophoclem
358 3685 404 3729 sut
427 3677 525 3730 oraculi
548 3683 654 3727 naturus
679 3677 867 3729 convenientius
891 3682 937 3726 sut
953 3677 1044 3745 Oedipi
1060 3694 1167 3744 persons
1186 3679 1288 3748 dignius
1309 3679 1441 3730 instituere
1457 3683 1571 3748 potuisse
1587 3681 1654 3731 srhi-

182 3781 253 3834 teor,
277 3790 352 3839 squam
369 3779 398 3823 ut
416 3789 462 3832 es,
484 3787 549 3838 quse
565 3768 671 3835 reliquis
690 3768 806 3819 omnihus
824 3771 973 3840 singulatim
991 3778 1095 3840 acceptu
1111 3772 1220 3825 ohscura
1238 3789 1293 3825 esse
1310 3773 1451 3835 deluebant,
1469 3777 1610 3838 mouille,
1627 3779 1655 3828 in

183 3885 258 3936 quem
283 3865 478 3927 cunseuiehnut,
507 3879 630 3932 quemque
655 3862 716 3913 deos
740 3863 809 3928 ipsos
835 3879 880 3916 suo
905 3864 1007 3914 numine
1031 3881 1119 3935 regere
1142 3864 1270 3927 videmus,
1298 3865 1367 3918 clnre
1388 3873 1473 3934 utque⁴
1486 3869 1574 3920 ordine
1596 3884 1653 3934 pcr-

182 3966 298 4033 spiccrct.

250 4056 299 4125 91)
318 4056 383 4108 Oed.
402 4054 456 4106 Col.
475 4071 497 4106 ε.
511 4053 569 4107 ooo
581 4069 635 4121 sqq.
655 4051 729 4104 1595·
738 4069 793 4122 sqq.
897 4093 901 4101 .
