3674 4636
756 381 1033 472 Α..

157 619 353 718 Antigona
370 615 575 692 invenitur
586 609 657 707 ³⁰),
678 619 781 708 qttae
798 600 980 680 circarot.
990 589 1170 678 Lxxxv
1186 613 1270 682 acta
1287 609 1362 675 est:
1388 597 1631 676 clearchum

157 771 279 872 igitur
305 779 510 844 auctorem
536 760 640 838 nihil
665 776 897 846 moramur3
931 751 1062 828 nihilo
1087 765 1221 830 tamen
1249 753 1377 828 secius
1404 750 1490 828 aliis
1517 773 1631 850 argu-
1693 841 1696 847 Ι

157 920 316 997 mentis
331 917 440 994 ducti
465 924 506 988 et
527 913 602 1012 ipsi
623 893 796 986 'eandam
821 921 916 980 cnm
935 899 1134 978 Bocelthlo
1152 900 1433 1002 Olympiadem
1449 913 1633 990 tuemur,

158 1053 353 1167 adeoque
369 1061 505 1164 ipsum
540 1061 649 1137 illius
681 1081 836 1135 annum
871 1051 1035 1128 tertium
1065 1037 1296 1144 ereuntem,
1330 1053 1400 1152 qui
1430 1052 1548 1128 nobis
1562 1065 1564 1068 ·
1577 1063 1636 1126 est
1703 1137 1704 1140 a

158 1223 233 1289 aaa
259 1229 293 1291 a.
313 1211 427 1304 ehi„
453 1210 609 1288 fabulae
631 1200 790 1284 nostrae
813 1203 988 1280 natalem
1012 1224 1099 1279 non
1122 1206 1209 1280 sine
1233 1204 1365 1302 aliqua
1386 1203 1636 1300 certimdinis

160 1363 290 1466 specie
321 1341 606 1438 constituimus
631 1357 694 1450 ἔς1).
752 1359 801 1431 Et
832 1352 1015 1452 primum
1048 1353 1214 1452 quidem
1250 1341 1327 1426 hoc
1361 1337 1516 1427 certum
1551 1373 1637 1428 esse

159 1499 333 1598 videtur,
360 1508 473 1608 quod
496 1505 578 1604 jam
596 1499 825 1600 Musgravio
850 1490 1047 1596 placuisse
1073 1497 1197 1572 modo
1218 1496 1477 1590 monuimus,
1503 1520 1638 1598 neque

160 1673 376 1758 antequam
394 1654 661 1756 pestilentiam
678 1651 754 1751 ipsi
770 1659 996 1748 praesentes
1008 1646 1271 1722 Athenienses
1286 1645 1488 1738 vidissent,
1505 1669 1638 1748 neque

161 1807 241 1883 nisi
265 1807 420 1882 recenti·
443 1807 500 1882 rei
525 1793 723 1880 memoria
745 1787 1035 1878 atrocissimam
1057 1799 1169 1877 illam
1192 1799 1375 1900 publicae
1397 1801 1517 1878 cladis
1538 1804 1638 1879 ima-

162 1955 298 2055 ginem
316 1955 471 2054 concipi
490 1975 511 2031 a
528 1956 643 2054 polita
661 1953 859 2053 potuisse,
884 1973 1007 2052 quant
1024 1951 1069 2026 in
1086 1951 1174 2050 ipso
1191 1949 1346 2028 fabulae
1364 1950 1507 2026 limine
1523 1950 1638 2027 lucu·

162 2101 397 2177 lentissimis
423 2103 625 2178 coloribus
653 2103 890 2202 descriptam
919 2107 1031 2206 quasi
1054 2105 1183 2183 vivam
1205 2107 1503 2206 spirantemque
1521 2105 1639 2183 nobis

162 2252 392 2352 proposuit3
436 2252 587 2351 quique
623 2275 668 2326 ex
704 2251 945 2331 accuratiore
981 2269 1162 2332 veterum
1198 2254 1439 2355 tragicorum
1473 2254 1642 2330 lectione

163 2401 419 2492 intellexerit,
444 2415 594 2502 quanta
620 2427 715 2478 cum
743 2403 953 2482 calliditate
979 2405 1057 2493 illi,
1083 2405 1263 2503 quamvis
1291 2402 1335 2478 in
1360 2400 1639 2478 remotissimis

161 2549 414 2649 temporibus
446 2549 593 2624 versari
628 2549 857 2637 videantur,
897 2549 1169 2624 recentissima
1203 2572 1385 2648 quaeque
1420 2563 1458 2624 et
1492 2550 1640 2647 quibus

163 2715 255 2775 tum
281 2697 456 2772 maxime
482 2697 702 2772 hominum
728 2696 853 2771 animi
879 2677 1207 2781 sollicitarentur,
1233 2694 1342 2768 tectis
1362 2694 1642 2794 ambiguisque

164 2845 620 2924 commemorationibus
654 2844 870 2942 tetigerint,
906 2843 1132 2943 plurimum
1163 2841 1244 2940 jam
1268 2838 1373 2918 ¹huic
1405 2858 1642 2943 argumento

164 2992 355 3094 ponderis
380 2993 546 3083 tribuet,
580 3013 714 3092 nequa
740 2991 824 3068 veri
851 2990 1044 3068 dissimile
1070 3011 1154 3066 esse
1179 2989 1389 3089 judicabit,
1414 2992 1525 3091 quod
1549 3014 1641 3090 pro-

166 3143 283 3220 ximis
310 3143 443 3219 statim
468 3155 566 3241 post'
583 3141 852 3239 pestilentiam
874 3139 1077 3238 Dionysiis
1101 3138 1280 3216 fabulam
1307 3155 1485 3218 nostram
1512 3157 1640 3218 actam

167 3315 259 3400 esse
280 3296 466 3372 diximus.
510 3295 641 3370 Multo
667 3307 801 3369 tamen
828 3291 975 3368 certius
1001 3291 1219 3368 sententiae
1245 3305 1404 3368 nostrae
1431 3314 1642 3391 argumen'·

168 3459 257 3519 tum
291 3443 385 3519 inde
419 3439 602 3517 accedere
634 3436 893 3530 arbitramur,
925 3439 1036 3539 quod
1065 3440 1246 3538 proxime
1280 3451 1468 3540 sequente
1501 3455 1642 3522 aestate

236 3684 286 3753 80)
304 3682 334 3735 V.
349 3681 434 3734 toan
457 3679 489 3732 rt
506 3677 664 3746 μανθάνειν
681 3673 843 3735 δ”Ηδνστον
858 3669 890 3736 εὖ
907 3679 1054 3750 tityrum,
1082 3679 1109 3734 et
1122 3680 1224 3751 κέρδος
1241 3680 1322 3752 λέγει.

237 3775 283 3842 δι)
301 3775 330 3825 1¹¹
348 3774 454 3825 ‘undffl'
467 3773 593 3823 ’,ΜΒΝ
612 3788 711 3838 ‘imque
724 3770 841 3837 S⁰l’¹¹⁰⁰l·
856 3773 972 3842 Quaeso.
990 3794 1016 3844 p.
1026 3774 1080 3828 287
1095 3778 1122 3827 in
1140 3782 1288 3828 mnscnrsu
1305 3779 1441 3840 incidisse,
1459 3795 1516 3831 sero
1530 3781 1643 3830 animad-

168 3867 305 3926 vertimnm
330 3868 481 3934 argumenta
505 3868 592 3913 umen
616 3869 705 3913 notua
731 3870 805 3925 cunt,
829 3864 920 3930 qulbus
938 3866 1104 3923 Welcbcrnm
1122 3867 1251 3919 calculum
1276 3886 1349 3920 snum
1366 3871 1490 3940 adjecisse
1507 3889 1643 3939 sanequam

170 3961 303 4012 muner.
337 3957 463 4012 Iacobum
486 3961 588 4009 secutio
612 3963 652 4009 est
675 3958 960 4015 cricumdabatur
983 3965 1016 4016 tle
1039 3964 1092 4016 vita
1118 3963 1253 4032 Sophoclis
1278 3969 1383 4032 podtnc,
1406 3967 1490 4018 Berol.
1509 3963 1586 4017 tata.
1610 3965 1643 4024 8,

172 4071 198 4123 p.
217 4051 260 4106 83.

1196 4127 1245 4197 4*
1300 4165 1304 4176 ·
