3684 4624
767 407 1045 494 „95-

169 634 260 708 licet
284 631 493 718 omnium,
524 634 724 726 quotquot
752 625 997 698 Graecorum
1021 614 1236 715 religiones
1264 614 1485 690 memoriae
1509 617 1644 714 prodi·

169 779 278 870 dere,
303 775 631 877 antiquissimum
654 771 748 848 satis
769 778 923 847 constat
942 764 1092 840 multas
1109 762 1263 840 fabulas
1280 762 1397 862 longe
1416 761 1530 838 aliter
1545 779 1643 841 trac-

168 934 264 1003 tatas
293 923 527 1024 reliquisse,
566 925 609 999 a'c
641 933 771 996 vetere
802 915 907 993 fama
940 913 1275 1014 singulorumque
1306 912 1491 988 locorum
1524 915 1645 990 sacris

168 1073 328 1150 traditas
360 1072 589 1172 accepisset,
620 1058 803 1170 quaeque
818 1109 822 1120 =
837 1078 1005 1142 naturae
1037 1064 1172 1180 potius
1206 1065 1307 1140 vires
1342 1078 1460 1164 atque
1488 1079 1645 1144 aeterna

58 1203 63 1213 ⁸
169 1225 323 1298 situum
350 1235 388 1296 et
412 1222 625 1320 regionum
654 1215 889 1295 coelestium
919 1226 989 1290 aut
1015 1212 1264 1288 terrestrium
1294 1213 1466 1291 numina
1497 1230 1645 1314 speeta-

168 1383 275 1460 rent,
307 1371 356 1447 ad
382 1371 583 1448 humanae
614 1370 714 1446 vitae
744 1362 1053 1443 similitudinem
1081 1385 1300 1461 rerumque
1331 1361 1525 1442 factanrm
1559 1387 1646 1468 spe-

169 1520 270 1594 ciem
298 1517 598 1596 transformasse
626 1515 715 1611 ¹⁰¹);
752 1513 861 1590 idem
892 1521 1028 1584 tamen
1055 1507 1141 1582 alii's
1168 1508 1213 1580 in
1244 1506 1342 1582 locis
1365 1485 1510 1586 Jovem
1538 1511 1646 1590 bona
1742 1501 1744 1504 ’

167 1669 277 1766 juxta
306 1693 350 1744 ac
380 1665 487 1744 mal-a
514 1690 587 1763 pro
617 1664 779 1770 arbitrio
807 1656 1045 1737 mortalibus
1078 1657 1383 1734 distribuentem
1411 1658 1529 1758 fingit
1555 1662 1643 1759 ¹⁰2),

167 1837 301 1913 neque
328 1812 493 1910 Erinyes
524 1835 682 1910 semper
712 1811 954 1911 flagitiorum
990 1812 1153 1887 ultrices
1188 1825 1227 1886 et
1258 1813 1454 1894 vindictae
1490 1815 1645 1893 divinae

167 1962 435 2037 instrumenta
463 1957 574 2050 facit,
604 1983 746 2034 verum
773 1958 980 2036 interdum
1005 1959 1124 2034 etiam
1148 1958 1201 2034 ita
1227 1958 1402 2050 adhibet,
1436 1973 1484 2034 ut
1505 1965 1645 2039 Larva-
1761 2043 1765 2048 ,

168 2135 261 2185 rum
289 2110 415 2186 instar
439 2108 626 2184 homines
657 2131 794 2184 vexare
820 2107 946 2206 inque
974 2111 1102 2186 malos
1132 2134 1285 2186 errores
1314 2111 1510 2187 abducere
1541 2113 1644 2190 vide·

168 2275 288 2338 antur
307 2234 395 2358 1011);
423 2285 591 2361 eamque
617 2261 887 2359 antiquiorem
910 2255 1296 2358 opinionem'fuisse
1321 2258 1382 2334 vel
1403 2259 1497 2336 inde
1523 2275 1644 2359 patet,

167 2415 276 2512 quod
301 2426 340 2488 et
359 2415 494 2512 politas
523 2424 561 2486 et
588 2409 867 2508 philosophos,
895 2432 977 2505 quo
1004 2407 1166 2503 longius
1194 2408 1242 2481 ab
1269 2411 1449 2482 Homero
1480 2407 1643 2496 distant,

167 2585 214 2638 eo
241 2559 368 2656 magis
396 2559 444 2632 ab
470 2579 515 2631 ea
547 2554 730 2629 recedere
757 2554 960 2638 videmus,
987 2561 1035 2622 ut
1059 2562 1209 2624 taceam
1238 2551 1369 2627 multo
1396 2554 1643 2650 probabilius

165 2705 290 2782 fuisse
318 2726 401 2793 eas,
433 2700 544 2777 unde
570 2695 773 2773 malorum
800 2695 998 2792 originem
1023 2695 1144 2792 repeti
1171 2695 1351 2772 solemne
1378 2714 1496 2791 esset,
1527 2715 1644 2810 aucto

165 2855 337 2956 justitiae
363 2876 503 2939 sensu,
539 2873 669 2948 quum
693 2847 882 2946 pleraque
906 2848 1013 2924 mala
1038 2861 1107 2924 aut
1133 2849 1303 2926 deorum
1330 2851 1463 2952 aliqua
1490 2853 1644 2935 offenso

166 3014 236 3080 aut
266 2997 487 3074 hominum
520 2986 878 3107 imprecationibus¹
912 2999 1007 3074 oriri
1044 2975 1320 3094 crederentur,
1361 3003 1554 3102 paulatim
1592 3008 1643 3087 ad

166 3150 406 3248 injuriarum
439 3147 697 3246 potissimum
728 3137 1053 3231 ulciscendamm
1086 3175 1241 3230 munus
1272 3153 1422 3244 delabi,
1455 3179 1577 3256 quam
1610 3157 1642 3232 si

234 3389 299 3458 101)
319 3389 357 3440 111.
375 3388 462 3455 lleyne
480 3385 627 3455 (lentigine
645 3390 671 3436 et
688 3373 771 3437 oensis
787 3387 933 3440 fabularum
950 3390 1144 3442 Homerionrum
1162 3392 1188 3442 in
1206 3391 1304 3444 Gomm.
1322 3392 1441 3465 Gotting·
1456 3412 1513 3446 nov.
1532 3395 1562 3446 Τ.
1575 3397 1643 3458 Vnt,

165 3499 190 3551 p.
204 3480 257 3544 om
282 3482 402 3533 Cretueri
420 3479 533 3548 Syrnbol.
549 3478 580 3527 Τ.
594 3479 633 3540 11,
651 3494 677 3545 p.
690 3479 748 3532 442
759 3497 814 3548 sqq.
820 3500 831 3542 ,ς
856 3481 958 3534 Milleri
974 3483 1093 3555 Prolegg.
1108 3501 1133 3552 p.
1144 3481 1200 3533 518
1211 3500 1267 3552 sqq.

234 3594 301 3663 101)
324 3595 398 3645 lliad.
416 3592 475 3642 XX.
494 3590 567 3652 915,
591 3590 684 3642 1111111.
701 3590 758 3644 1150
765 3611 774 3653 ;
801 3593 897 3661 Odyss.
915 3594 958 3646 lV.
977 3594 1046 3656 957,
1072 3595 1139 3645 xlv.
1156 3597 1222 3650 415.

234 3697 301 3766 105)
325 3693 556 3758 ittet.x1x.8⁷,
581 3697 673 3765 odyss.
692 3695 749 3747 XV.
767 3697 836 3759 2343
865 3700 897 3748 ef.
923 3699 1036 3752 Plnmeri
1059 3701 1180 3753 Notiones
1202 3702 1271 3770 juris
1296 3708 1322 3754 et
1342 3702 1459 3770 justitiae
1483 3719 1514 3755 ex
1538 3704 1649 3757 Homeri·

165 3809 245 3846 eum.
266 3791 421 3859 explicatas,
443 3787 525 3838 nest.
546 3786 625 3840 1810.
642 3787 674 3848 8,
698 3804 723 3854 p.
740 3785 790 3848 51,
814 3790 881 3838 nude
902 3791 932 3844 in
956 3808 986 3842 eo
1010 3795 1110 3841 tontum
1131 3793 1255 3853 disemo,
1282 3793 1351 3859 quod
1374 3794 1418 3845 ille
1436 3797 1525 3846 ordine
1542 3797 1642 3848 inverso

163 3883 274 3952 Erinyes
297 3882 371 3933 initio
393 3880 609 3930 minrndrertendi
632 3885 732 3930 mnium
756 3881 782 3930 in
798 3881 955 3933 meinerosos
970 3887 1127 3952 potestatem·
1142 3872 1276 3945 babuisse,
1303 3887 1394 3936 seriori
1412 3888 1512 3938 demum
1530 3893 1643 3956 temprm

164 3993 242 4027 musa
266 3977 381 4027 detracto
406 3989 540 4024 neronum
562 3974 589 4025 in
608 3975 752 4026 universnm
775 3975 802 4024 in
826 3973 939 4026 homines
956 3971 1101 4026 elibndendi
1119 3978 1206 4042 parter
1224 3976 1351 4044 accepisse
1369 3979 1474 4041 statuit,
1497 3979 1568 4048 enjus
1587 3995 1641 4031 sen·

164 4067 260 4119 tentiae
279 4071 429 4138 argumente
447 4066 573 4118 desidero.
1253 4079 1256 4086 '
