3674 4636
821 387 1101 480 ..ffl.‚

225 611 358 670 veram
377 594 568 694 temporis
586 596 835 677 notationem
852 599 1076 683 Boockhius
1096 607 1259 687 accessit
1275 605 1348 708 4Β),
1375 612 1445 708 qni
1467 615 1589 711 paulo
1610 637 1707 719 post

220 745 289 822 Ol.
311 747 543 828 LXXXVII.
568 755 586 820 l
617 748 764 830 editam
784 762 919 854 censet
926 778 937 842 3
964 751 1055 828 licet
1079 743 1412 836 non'admodum
1437 759 1558 848 firmo
1583 789 1703 868 argu-

221 909 360 976 mento
392 923 493 976 ersus
524 922 610 976 esse
635 899 759 977 videri
785 902 927 1000 possit,
962 907 1195 1003 praesertim
1223 923 1439 1010 postquam
1461 918 1701 1015 nuperrime

220 1047 461 1125 Welelcerus
497 1048 796 1146 grammaticam
835 1048 946 1126 illam
986 1050 1132 1128 Calliae
1169 1057 1428 1154 tragoediam,
1467 1063 1577 1144 unde
1614 1077 1698 1146 tota

219 1194 408 1274 Boeckhii
433 1195 680 1274 ratiocinatio
704 1194 868 1295 pendet,
895 1196 944 1274 ad
962 1196 1141 1278 Euclidis
1158 1203 1361 1284 archontis
1380 1219 1547 1290 aetatem
1565 1210 1696 1313 ἅψῃ).

218 1373 348 1441 mere,
382 1370 566 1450 utraeque
596 1332 692 1423 inde
724 1348 785 1424 vel
818 1347 1029 1447 Euripides
1062 1353 1106 1425 in
1133 1355 1275 1434 Medea
1305 1358 1367 1434 vel
1399 1361 1616 1460 Sophocles
1649 1364 1693 1442 in

217 1499 375 1600 Oedipo
402 1503 592 1597 Tyranno
623 1498 867 1576 desumsisse
897 1497 1110 1592 dicuntur,
1139 1503 1247 1579 inter
1261 1507 1553 1588 recentiorum·
1568 1511 1692 1588 corni·

215 1671 356 1726 eorum
389 1645 655 1726 cavillationes
685 1643 832 1722 referre
865 1661 1033 1728 conatus
1065 1663 1124 1728 est
1152 1652 1216 1752 47).
1274 1658 1377 1736 Mira
1409 1659 1523 1736 enim
1555 1676 1692 1738 narrat

216 1800 432 1880 Clearchus
465 1799 573 1897 apud
602 1796 855 1872 Athenaeum
880 1792 949 1890 ⁴⁸),
984 1800 1166 1876 Καλλίαν
1195 1799 1266 1876 τὸν
1287 1799 1495 1902 Ἀθηναῖον
1517 1834 1689 1906 possiunt·
1772 1801 1777 1814 ’

212 1953 326 2051 τιαὴν
342 1955 549 2028 συνθεῖναι
564 1945 805 2044 τραγῳδίαν,
822 1938 891 2040 ἀφ’
909 1931 959 2038 ἧς
976 1945 1141 2042 ποιῆσαι
1156 1945 1207 2024 τι)
1221 1950 1321 2046 μέλη
1339 1951 1405 2026 ναὶ
1421 1951 1497 2050 την
1513 1951 1689 2034 διάθεσιν

211 2098 431 2198 Εὐριπίδην
464 2099 508 2170 ἐν
531 2091 691 2190 Μηδείᾳ
719 2089 789 2168 ικαὶ
813 2090 1025 2187 Σοφοκλέα
1054 2095 1126 2174 τὸν
1152 2102 1358 2192 Οἰδίπουν,
1390 2105 1434 2180 id
1466 2107 1686 2204 quodvdh'o

213 2251 302 2326 loco
317 2247 393 2341 ⁴9),
418 2244 537 2323 allato
559 2233 716 2320 sahulae
739 2251 898 2318 nostrae
912 2268 951 2318 ν.
967 2249 1063 2335 ὅσα,
1087 2245 1145 2324 ita,
1164 2250 1347 2350 explicata
1373 2249 1472 2339 ὥςτε
1487 2255 1686 2358 etonem

209 2400 332 2496 αἱδην
350 2393 613 2472 ὑπονοεῖσθαι
636 2389 712 2489 τὴν
724 2384 911 2485 ’Μήδειαν
934 2393 1121 2470 ἐντεῦθεν
1138 2402 1399 2498 πεποιηκέναι
1420 2405 1554 2482 πᾶσαν
1569 2447 1614 2462 -
1634 2445 1685 2468 ..-

209 2546 279 2624 ’τὸν
304 2544 354 2622 δὲ’
372 2541 583 2643 Σοφοκλέα
609 2542 749 2616 διελεῖν
774 2536 906 2637 φασὶν.
922 2533 1194 2641 ἀποτολμῆσαι
1224 2544 1271 2624 τὸ
1296 2547 1447 2645 ποίημα
1471 2552 1529 2650 τῴ
1552 2550 1683 2652 μέτρῳ

207 2689 311 2778 τοῦτ’
341 2693 582 2773 ἀκούσαντας
618 2691 730 2768 unde
747 2689 970 2780 Boeckhius
997 2689 1166 2788 conjecit
1190 2716 1276 2769 non
1301 2694 1435 2774 multo
1459 2713 1551 2796 post
1568 2702 1684 2778 Euri.

206 2852 310 2953 pidis
337 2847 540 2936 Medeam,
575 2865 699 2944 quam
732 2841 1100 2918 01.Lxxav11.1
1133 2863 1274 2918 scenae
1304 2845 1565 2924 commissam
1582 2835 1681 2928 'essa

205 3013 376 3090 constat,
414 2994 658 3096 Sophoclem
686 2992 890 3092 Oedipum
927 3009 1043 3065 suam
1080 2989 1273 3083 edidisse3
1312 2995 1383 3070 sed
1415 2993 1549 3072 missis
1581 2997 1681 3077 adeo

204 3146 408 3228 Welcketi
442 3141 687 3242 argumentis
719 3139 782 3217 vel
810 3138 912 3218 illud
932 3142 1230 3222 'dubitationem
1256 3142 1365 3236 facit,
1399 3149 1509 3248 quod
1533 3150 1568 3226 is
1592 3151 1680 3252 ipse

205 3295 435 3399 apostrophi
467 3315 567 3368 usus
593 3292 644 3366 in
675 3290 757 3366 fine
789 3313 924 3368 versus
950 3294 1090 3393 positi,
1124 3321 1247 3394 quem
1274 3319 1296 3373 a
1322 3299 1675 3402 Calliaacceptum

203 3451 248 3523 in
266 3446 422 3545 Oedipo
443 3443 624 3542 primum
643 3438 881 3540 Sophoclem
907 3442 1137 3520 adhibuisse
1157 3443 1374 3522 Clearchus
1397 3446 1500 3537 vult,
1526 3446 1607 3546 iam
1633 3449 1675 3528 in

270 3731 320 3800 46)
337 3731 376 3781 De
393 3728 552 3800 Tragoedias
568 3741 652 3797 greco
669 3727 751 3794 princ.
768 3743 795 3794 p.
810 3723 877 3786 aa&
903 3727 996 3778 confer.
1015 3730 1041 3776 et
1057 3725 1169 3779 Wexins
1186 3729 1220 3778 ad
1237 3727 1357 3799 Antigon.
1375 3729 1405 3780 Τ.
1417 3731 1443 3792 1,
1461 3747 1489 3800 p.
1502 3730 1563 3784 275.

268 3844 317 3914 47)
334 3843 364 3894 ln
379 3857 445 3893 novo
461 3839 550 3890 Museo
565 3835 686 3888 namne
702 3836 733 3886 Τ.
745 3835 773 3897 1,
790 3853 816 3906 p.
831 3834 884 3890 tat
898 3852 953 3904 sqq.

268 3951 317 4020 48)
333 3949 438 4010 nvn,
454 3964 477 4000 c.
493 3945 523 4009 l,·
539 3945 635 4015 palii
648 3948 678 3998 Δ.

267 4063 317 4133 49)
334 4063 415 4124 lox,
432 4059 517 4122 ewa
534 4077 560 4128 p.
573 4057 678 4120 4351ῖ,
695 4075 745 4127 qno
762 4060 794 4110 de
811 4059 869 4110 loeo
887 4057 1046 4113 fleumata
1063 4073 1163 4126 quoqne
1179 4059 1301 4130 egitha.
1319 4058 1482 4129 pldlisqq.
