3684 4624
799 393 1108 483 ...1282

215 607 318 683 illud
332 629 406 684 nos
421 609 608 703 deterret,
627 611 737 712 quod
754 609 879 686 unius
896 623 1053 686 tantum
1068 611 1184 712 pueri
1201 609 1297 687 illuc
1312 607 1474 709 projecti
1493 608 1696 686 memoria

216 769 357 847 exstat,
399 759 432 834 si
468 760 633 858 quidem
661 775 707 836 ‘et
736 760 822 836 aliis
853 761 897 836 in
929 759 1026 836 locis
1057 760 1199 835 vicinis
1232 758 1414 858 plurium
1440 759 1696 833 mentionem

207 901 302 981 'fieri
331 906 515 983 'vidimus
552 922 591 985 et
625 910 765 986 eadem
802 933 919 987 causa
958 922 1018 984 est
1055 931 1157 1008 quae
1192 907 1397 1006 Thespiis,
1437 907 1509 981 ubi
1549 929 1696 983 eorum

212 1067 374 1132 tantum
409 1039 577 1135 nomina
612 1063 827 1137 Pausanias
865 1020 1014 1138 servata
1047 1078 1133 1128 esse
1167 1067 1321 1143 narrat,
1361 1077 1540 1153 quorum
1572 1073 1695 1152 opera

215 1200 371 1278 malum
404 1205 609 1283 sublatum
643 1205 764 1283 suerit
792 1207 877 1305 ¹⁹⁷),
914 1222 962 1284 ut
994 1207 1177 1282 omittam
1205 1201 1532 1303 appellationem,
1568 1227 1695 1304 quam

196 1371 240 1426 a
266 1348 459 1430 confossis
485 1355 572 1432 talis
600 1359 762 1434 ductam
789 1382 874 1433 esse
904 1371 1058 1434 constat
1083 1355 1170 1454 ¹9¹³),
1207 1355 1398 1431 omnihus
1427 1377 1695 1431 communem

215 1519 301 1584 esse
321 1503 515 1600 potuisse,
542 1507 612 1605 qui
633 1509 682 1583 ad
703 1507 873 1583 eandem
895 1520 1045 1582 sortem
1068 1505 1393 1593 detruderentur3
1423 1489 1534 1602 quod
1555 1517 1695 1581 autem

214 1649 324 1726 idem
348 1652 396 1727 ab
422 1649 507 1750 ejus
533 1653 697 1730 civitatis
719 1677 810 1752 rege
835 1669 1029 1748 servatus,
1061 1656 1131 1731 ubi
1155 1657 1335 1755 primum
1362 1655 1507 1729 Furiae
1531 1654 1575 1727 in
1594 1657 1695 1730 Pro-

214 1805 405 1904 pitiarum
422 1830 576 1883 nomen
595 1810 836 1886 transierant
854 1805 915 1909 (cf.
933 1819 1017 1881 not.
1030 1811 1080 1874 86
1093 1815 1131 1876 et
1148 1803 1253 1898 189),Ι
1279 1824 1374 1875 mox
1389 1800 1609 1898 Sphingem
1628 1821 1694 1876 ex-

216 1952 384 2051 stinguit
414 1961 664 2060 patriamque
698 1962 804 2060 gravi
837 1961 988 2036 tributo
1020 1954 1181 2041 liberat,
1218 1975 1302 2025 non
1337 1950 1451 2025 video
1484 1953 1695 2049 quomodo

216 2103 470 2178 commodius
502 2105 687 2203 explicari
719 2105 861 2203 possit,
899 2127 1022 2203 quam
1053 2114 1100 2175 ut
1128 2101 1340 2177 Thebanos
1370 2113 1592 2176 statuamus
1621 2101 1693 2177 ali·

217 2248 380 2348 quando
406 2251 634 2326 vicinorum
663 2255 843 2354 exemplo
872 2269 1004 2332 motos
1035 2251 1083 2328 ad
1109 2249 1372 2327 humanitatis
1401 2250 1691 2331 conscientiam

214 2397 441 2498 pervenisse
469 2399 537 2497 199)
567 2402 842 2502 abrogatisque
867 2401 1115 2478 immanibus
1142 2397 1284 2472 ritibus
1309 2421 1451 2475 eorum
1479 2396 1691 2474 inlocum

216 2547 444 2626 incruentas
466 2547 631 2625 inferias
660 2551 930 2641 substituisse,
956 2547 1092 2647 quales
1114 2559 1153 2621 et
1172 2545 1322 2622 Thebis
1349 2547 1398 2622 ad
1421 2543 1575 2623 fontem
1597 2547 1691 2622 Dir-

5 2767 94 2846 Ὗ
127 2705 193 2784 R
215 2716 356 2771 caeum
374 2743 377 2748 -
396 2694 458 2793 (ef.
493 2709 575 2781 not,
606 2701 695 2794 119)
733 2710 772 2773 et
810 2697 954 2794 Coloni
992 2697 1077 2773 fieri
1116 2696 1299 2774 videmus
1327 2695 1423 2792 q⁰⁰);
1465 2677 1690 2798 eodemque

93 2845 153 2871 μμ

283 2985 347 3054 197)
371 2987 446 3036 Paua.
465 2987 510 3036 lx.
527 2985 572 3038 26.
590 2985 621 3038 b:
650 2983 703 3040 τῶν
719 2986 770 3052 μὲν
787 2987 820 3055 σε)
840 2987 1052 3056 διαφθαρέντων
1068 2983 1249 3055 μνημονεύειν
1264 2985 1299 3037 τοὶ
1319 2982 1445 3052 ὀνόματα
1463 2979 1498 3038 ori
1515 2993 1617 3053 φασιν,
1639 2985 1692 3041 ’ἐπὶ

216 3075 246 3138 σὲ
263 3077 446 3149 Κλεοστράτῳ
459 3079 581 3146 Ιλαχόντι
598 3079 648 3148 τόν
663 3077 780 3148 ε’ροιστήν
797 3077 883 3150 αὐτοῦ
902 3081 1096 3148 Μενέστρατον
1113 3079 1241 3146 λέγουσιν
1258 3077 1496 3145 ἐπιτεχνήσασθαι
1514 3095 1540 3131 κ.
1553 3095 1576 3130 τ.
1590 3079 1617 3131 λ.

285 3185 348 3252 tas)
370 3187 486 3240 Eustatb.
511 3192 545 3240 ad
562 3190 657 3257 Odyss.
676 3193 724 3257 A,
750 3206 775 3241 τ.
792 3191 864 3242 97οι
896 3186 962 3244 ὁδὶ
982 3189 1119 3251 Οἰδίπους
1144 3191 1191 3243 καὶ
1212 3189 1365 3258 Οἰδιαόσης
1390 3190 1498 3259 λέγεται
1522 3188 1687 3259 τοιητιιιιός,

214 3281 330 3351 κληθεὶς
348 3278 419 3334 οὕτω
437 3283 485 3336 aas
504 3283 535 3337 τό
555 3281 677 3353 aitqua,
707 3275 724 3339 ὅ
743 3281 835 3338 ἔπαθε
850 3287 1003 3355 τρντιρθεὶς
1019 3285 1086 3348 τούς
1104 3263 1300 3354 ἀστραγάλους
1316 3279 1369 3336 τῶν
1386 3279 1495 3350 ποσῶν,
1518 3279 1563 3336 ὅτε
1579 3283 1689 3352 βρέφος

214 3365 252 3428 ὧν
268 3370 383 3442 ἐξετέθη
399 3392 424 3428 κ.
439 3394 461 3432 τ.
476 3378 502 3432 λ.

197 3523 204 3538 ,
284 3484 350 3550 199)
374 3485 447 3546 Ηιιο,
470 3491 497 3539 ni
519 3490 612 3551 fallor,
637 3491 714 3542 etiam
736 3489 804 3541 illud
827 3495 940 3555 spectat,
965 3492 1033 3558 qnod
1056 3490 1079 3540 ei
1105 3489 1265 3555 potissimum
1283 3487 1421 3558 Sphingem
1445 3490 1534 3539 eedem
1557 3489 1689 3551 ridemus,

216 3578 260 3646 qni
283 3579 382 3646 primm
403 3577 666 3650 'semiarianorum
687 3571 753 3652 Υιραιε
777 3599 888 3650 cousque
908 3565 956 3633 snb
981 3586 1132 3655 aenigmatis
1149 3585 1322 3654 integumento
1341 3583 1415 3649 quast
1431 3582 1565 3644 latuisset,
1589 3583 1688 3636 intelle·

162 3691 164 3696 ·
215 3675 285 3726 xerit'
300 3679 380 3746 'atque
394 3679 543 3738 ὀτιιιττετὶιε
575 3682 694 3748 qnod'nt
718 3681 854 3732 concedam
878 3680 947 3746 apud
964 3679 1079 3748 tragicos
1097 3678 1173 3728 etiarn
1189 3678 1240 3728 alio
1257 3677 1370 3727 converti
1387 3690 1462 3742 possa
1488 3675 1530 3742 (cf.
1551 3676 1691 3748 Sebiegel's

187 3796 189 3806 ·
217 3769 315 3822 vertes.
329 3770 371 3822 tib.
386 3773 494 3823 dunat.
504 3771 555 3824 Ltt
573 3774 603 3825 T.
614 3776 635 3837 t,
654 3791 679 3844 p.
693 3775 748 3828 tta
765 3780 792 3826 et
808 3775 889 3826 Ulrici
908 3771 1003 3824 Goscb.'
1016 3774 1041 3823 d.
1058 3771 1150 3822 hellen.
1167 3769 1322 3828 Diehtltnnat
1339 3768 1369 3819 Τ.
1384 3767 1410 3829 Ι,
1429 3765 1532 3835 pabo),
1551 3761 1690 3836 simpheis·

185 3883 189 3892 ·
215 3865 280 3916 sima
303 3867 388 3914 tumen
410 3863 512 3916 fabulae
534 3871 648 3936 potestne
672 3884 702 3920 ea
724 3867 804 3918 roim
827 3866 943 3924 videtur,
972 3870 1001 3917 ut
1025 3863 1141 3918 crudeles
1159 3877 1243 3916 morea
1260 3859 1426 3921 humanitatis
1444 3860 1617 3912 tentamur
1634 3875 1691 3913 essa

216 3954 379 4026 significem

284 4061 355 4130 990)
380 4063 457 4132 Soph.
475 4063 542 4117 Oed.
560 4063 615 4116 col.
633 4081 656 4118 τ.
669 4063 727 4118 tto
738 4081 793 4135 sqq.
