3674 4636
763 385 1110 470 ..’9ι..ἱ

299 663 302 670 .
415 605 544 702 Ἡμεῖς
569 605 620 684 δῦ
636 597 823 690 Πολύβου
851 598 956 680 παῖδ’
985 599 1201 700 ἐρείσαντες
1226 599 1337 699 πέδῳ
1358 601 1384 698 ,5
1418 611 1420 618 “
1447 656 1451 662 .

304 778 308 786 ·
415 752 728 849 Ἐξομματοῦμεν
752 751 819 827 καὶ
835 749 1051 846 ’διόλλυμεν
1075 749 1194 850 κόρας
1215 749 1278 846 ¹⁹).

161 900 283 976 Unde·
303 895 428 976 simul
450 897 712 999 intelligimus
737 898 981 997 supplicium
1003 919 1168 996 possum
1190 913 1282 972 esse
1297 909 1514 996 antequam
1535 901 1636 974 etro·

160 1047 320 1123 cissima
343 1045 428 1144 ejus
451 1045 597 1146 flagitia
621 1043 811 1146 patefacte
833 1060 981 1137 essent,
1007 1046 1117 1146 qrsod
1138 1047 1263 1145 probe
1282 1042 1497 1144 Sophocles
1521 1042 1637 1133 cavit,

161 1197 261 1272 dum
294 1221 337 1272 re
371 1196 522 1273 diutius
552 1195 598 1269 in
623 1206 1018 1293 utramquepartem
1047 1204 1197 1268 versata
1223 1191 1272 1279 ah
1299 1190 1440 1265 eodem
1469 1191 1637 1267 demum

159 1367 255 1420 senc
281 1360 320 1421 et
346 1346 396 1421 de
422 1345 591 1421 crimine
617 1358 657 1418 et
682 1345 731 1420 de
756 1341 952 1418 natalium
980 1365 1152 1415 suorum
1174 1337 1405 1415 conditione
1427 1334 1637 1413 certiorem

124 1569 128 1574 .
157 1491 245 1570 fieri
268 1493 473 1595 Oedipum
498 1496 635 1592 ipsum
660 1489 773 1579 secit3
804 1487 911 1586 apud
932 1484 1170 1581 Euripidem
1193 1481 1277 1579 Laji
1303 1480 1445 1560 famuli
1470 1482 1636 1558 nonnisi

157 1643 456 1722 interfectorem
472 1640 627 1720 domini
643 1637 886 1715 sulcantem
901 1641 1106 1729 repertum
1122 1627 1260 1704 ulcisci
1276 1628 1481 1720 videntum
1506 1649 1638 1728 neque

159 1791 271 1867 enim
298 1791 441 1890 Polybi
477 1790 610 1866 filium
649 1785 910 1886 appellarent,'
951 1781 985 1854 si
1022 1779 1259 1878 parricidam
1296 1780 1380 1880 Laji
1417 1782 1636 1883 matrisque

154 1941 387 2018 edulterum
407 1955 583 2018 nossent
616 1944 752 2038 Longe
769 1937 891 2036 igitur
912 1931 1022 2008 aliud
1040 1932 1252 2032 utriusque
1270 1933 1409 2031 poetae
1427 1932 1470 2008 in
1490 1932 1635 2008 descri-

158 2087 290 2164 bendo
304 2055 469 2168 ¹actione
494 2087 749 2188 propositum
776 2084 898 2162 luisse
923 2083 1068 2159 merito
1095 2084 1366 2160 arbitramur.¹
1408 2087 1457 2160 Et
1482 2085 1634 2184 Sopho·

159 2233 262 2310 clem
296 2235 462 2334 quidem
494 2235 598 2312 illud
629 2236 704 2311 sibi
739 2234 916 2312 voluisse
948 2250 1126 2336 apparet,
1160 2250 1207 2310 ut
1234 2249 1318 2312 rate
1348 2258 1432 2311 esse
1465 2237 1634 2313 deorum

158 2377 273 2459 effata
299 2384 539 2472 ostenderet,
564 2408 698 2482 neque
724 2386 885 2460 summo
910 2389 1011 2465 vitae
1034 2390 1257 2490 integritate
1280 2403 1398 2490 atque
1422 2389 1635 2489 prudentio

158 2529 261 2608 effici
279 2558 414 2632 posse,
441 2535 544 2633 quin
562 2535 594 2609 si
619 2535 710 2632 quis
734 2558 809 2608 suo
830 2537 995 2634 ingenio
1016 2536 1141 2612 fretus
1166 2561 1211 2614 ea
1233 2540 1423 2638 spreverit
1444 2541 1633 2638 eludique

156 2706 275 2782 posse
293 2684 522 2782 speraverit,
549 2684 597 2759 ad
615 2695 838 2758 extremum
856 2681 985 2757 subita
1001 2702 1139 2754 rernm
1157 2683 1415 2758 conversione
1429 2695 1519 2758 ruat
1532 2683 1632 2759 vim·

158 2853 238 2932 qne
269 2829 444 2906 divinam
471 2852 534 2906 res
559 2829 758 2911 humanas
785 2853 920 2936 regere
946 2842 1133 2930 agnoscat
1153 2829 1227 2928 2⁰);
1262 2830 1472 2930 Euripides
1497 2844 1631 2910 autem

227 3121 273 3190 tit)
297 3122 353 3175 Hoc
375 3124 461 3190 ipsum
478 3125 577 3175 lacinus
598 3125 625 3174 in
650 3130 735 3176 vetere
759 3121 917 3194 sarcophago
935 3123 1064 3191 sculptum
1080 3123 1208 3192 sagaciter
1223 3121 1350 3174 intellexit
1366 3121 1492 3184 zammi,
1516 3121 1630 3174 lltustrs·

156 3215 228 3265 sione
246 3215 273 3265 di
291 3217 340 3266 due
357 3232 420 3266 nrne
437 3214 562 3266 Etrusclrc
581 3233 594 3266 e
613 3216 640 3265 di
658 3215 742 3266 alcuni
760 3216 815 3266 vasi
831 3203 1031 3276 Hamiltdnisni‚
1048 3216 1154 3267 Firenze
1167 3215 1252 3277 1812,
1269 3215 1323 3285 pt
1339 3243 1366 3256 -
1377 3216 1428 3277 273
1447 3219 1478 3267 cf.
1491 3215 1631 3286 inghirmi

155 3307 266 3359 nonum
290 3307 345 3358 lile.
369 3309 437 3359 Urne
461 3308 495 3358 ΙΙ.
519 3306 554 3359 71
581 3311 608 3358 et
630 3306 798 3362 Welclserum
822 3307 850 3356 in
874 3305 1080 3358 Zimmernrann's
1103 3297 1250 3358 z'eitselrile
1270 3309 1314 3358 liis·
1337 3309 1379 3360 die
1404 3308 1630 3362 Attentumwiss

157 3401 244 3464 18³4,
265 3420 291 3471 p.
304 3402 360 3455 597
373 3410 399 3456 et
411 3403 473 3456 779.

223 3495 273 3564 20)
286 3494 376 3546 tarot
384 3495 403 3545 l.
411 3513 433 3546 c.
442 3513 468 3564 p.
475 3494 546 3548 5202
568 3496 655 3566 »gravi
661 3495 757 3561 Oedipi
769 3494 884 3562 exemplo
894 3495 1066 3544 demonstrare
1078 3491 1175 3544 civibus
1186 3491 1276 3552 voluit,
1290 3493 1395 3546 deorum
1404 3491 1507 3546 oracula
1519 3495 1631 3548 civerit·

157 3586 220 3636 sins·
231 3603 300 3649 esse,
318 3575 344 3636 et
357 3586 440 3640 sicubi
453 3589 702 3646 contemnerent,
720 3587 834 3637 homines
847 3601 943 3654 poenes
960 3585 1021 3635 dore
1033 3583 1209 3634 acerbissimas
1217 3602 1241 3643 3·
1264 3599 1338 3651 quem
1350 3583 1411 3635 licet
1423 3589 1491 3636 recte
1503 3587 1631 3638 monuerit

156 3677 292 3730 Sivemius
311 3677 387 3742 (islser
397 3679 480 3748 einige
490 3679 639 3730 historische
650 3682 703 3730 und
713 3680 848 3747 politisclse
860 3676 1050 3748 Anspielungen
1061 3677 1088 3725 in
1100 3675 1145 3724 der
1157 3673 1227 3724 alten
1238 3673 1383 3746 'fs-egidio,
1400 3677 1428 3725 in
1441 3675 1539 3728 Comm-
1550 3676 1628 3730 dcccl.

154 3767 240 3820 Berol.
254 3769 333 3830 rtet,
349 3787 375 3837 p.
384 3771 431 3839 w)
443 3785 493 3822 non
506 3788 606 3840 semper
617 3789 716 3823 omnem
729 3773 862 3840 Sophoclis
874 3773 965 3825 vim-et
976 3773 1128 3842 grevihlem
1139 3771 1297 3838 percepisse,
1315 3773 1377 3823 dum
1388 3773 1533 3824 admorunt
1546 3789 1628 3824 emen·

154 3860 284 3916 ordonn
300 3861 401 3914 fsbulss
417 3861 473 3930 ejus
489 3863 599 3930 scriplas
615 3871 732 3925 oensem,
751 3865 792 3914 tie
808 3871 893 3916 umen
909 3883 990 3934 prope
1007 3867 1141 3917 adrerum
1154 3866 1291 3916 necessisse
1302 3883 1344 3917 res
1357 3867 1413 3935 ipss
1426 3869 1507 3920 docet.
1534 3865 1628 3917 Mirum

153 3959 240 4006 sutem
257 3961 311 4017 est,
328 3955 496 4032 Welclserpm
513 3959 539 4008 in
558 3959 671 4010 Censura
688 3959 763 4030 hujus
781 3961 961 4028 disputationis
978 3953 1007 4011 in
1024 3960 1167 4010 Zimmem
1187 3957 1309 4014 zeitschr.
1326 3961 1380 4012 Lr.
1396 3978 1422 4029 p.
1435 3959 1493 4014 599
1510 3975 1630 4027 quaerar

155 4049 289 4116 poluisse,
309 4027 437 4117 qudmodo
449 4051 610 4104 oraculorum
623 4055 685 4124 luga
702 4054 729 4104 in
740 4054 869 4122 Oedipum
886 4055 1032 4115 conveniat,
1050 4069 1124 4120 quem
1142 4053 1300 4104 constetisse
1317 4054 1377 4122 ipss
1392 4053 1423 4103 de
1441 4067 1517 4102 csuss
1528 4048 1629 4102 Thelser
