3684 4624
778 443 827 460 ....
891 369 1001 501 «μ’
1044 437 1093 458 ...

198 585 332 690 crum,
362 602 439 680 boc
466 615 525 679 est
551 605 707 693 locum,
747 605 817 679 ubi
844 600 1108 680 famosissima
1135 603 1201 679 illa
1227 603 1468 703 Amphionis
1496 619 1536 680 et
1562 605 1679 681 Zethi

196 774 365 828 noverca
397 753 554 829 condita
588 752 725 844 fuerit,
759 755 924 831 nullum
958 757 1148 832 novimus
1172 771 1329 856 praeter
1355 757 1491 856 ipsum
1518 755 1674 834 sontem

196 901 276 976 sive
299 924 461 976 amnem
488 903 621 1000 potius
633 904 872 994 -Dircaeum,
899 904 1014 1002 cujus
1032 905 1154 980 undis
1172 905 1284 980 illam
1303 907 1478 1006 privigni
1496 907 1678 983 obruisse

196 1046 429 1124 serebantur
452 1048 538 1146 ηθ),
572 1064 699 1150 utque
732 1053 998 1132 concedamus
1033 1057 1137 1132 hanc
1165 1058 1292 1155 ipsam
1321 1054 1498 1132 fabulam
1526 1058 1575 1132 ad
1598 1055 1677 1132 loci

198 1197 309 1270 illius
331 1209 517 1275 naturam
541 1203 675 1300 potius
700 1229 822 1302 quam
847 1206 1000 1283 adrem
1018 1207 1271 1284 rarefactam
1291 1221 1482 1307 spectare,
1510 1209 1678 1284 eandem

201 1344 252 1418 ob
288 1368 448 1423 causam
483 1349 628 1424 Dircen
666 1351 791 1426 nullis
825 1318 911 1428 aliis
945 1358 1184 1431 ceremoniis
1221 1355 1296 1430 coli
1333 1357 1559 1454 oportebat,
1601 1356 1680 1431 nisi

199 1497 346 1596 quibus
379 1512 419 1572 et
443 1500 535 1575 alibi
561 1499 736 1578 sontium
769 1519 808 1579 et
833 1505 1053 1580 fluviorum
1078 1471 1252 1578 numina
1279 1502 1525 1591 colerentur3
1564 1504 1681 1600 quod

200 1645 232 1718 si
271 1645 433 1723 inferias
467 1647 527 1722 illi
564 1663 802 1740 nocturnas,
844 1652 1085 1751 Oedipodeis
1122 1650 1366 1742 simillimas,
1409 1651 1555 1726 oblatas
1591 1673 1680 1724 esse

201 1779 392 1893 legimus,
424 1796 548 1875 facilis
572 1814 631 1875 est
650 1801 844 1899 suspicio,
873 1813 1028 1900 praeter
1050 1799 1162 1874 illam
1187 1794 1389 1874 fabulosae
1409 1797 1549 1872 Dircoe
1571 1821 1681 1872 mor-

199 1957 282 2020 tem
317 1947 412 2024 alias
453 1973 615 2049 quoque
650 1950 862 2049 religiones
898 1975 993 2028 cum
1031 1951 1095 2060 his
1128 1949 1224 2022 locis
1264 1945 1496 2044 conjunctas
1536 1945 1681 2034 fuisse,

166 2097 303 2188 'quae
336 2094 502 2191 propius
540 2097 588 2171 ad
624 2111 920 2172 nocturnorum
959 2123 1165 2174 sacrorum
1203 2095 1413 2170 horrorem
1451 2093 1682 2168 accederent

195 2235 497 2337 Dircaeumque
521 2267 672 2319 nomen
701 2247 754 2320 ita
781 2259 936 2321 tantum
967 2248 1080 2346 quasi
1108 2247 1151 2321 in
1180 2229 1429 2322 consortium
1454 2269 1575 2318 suum
1603 2257 1679 2320 tra·

201 2379 367 2474 iissent,
395 2386 488 2483 quia
516 2411 637 2464 omne
664 2389 741 2464 hoc
768 2416 915 2492 genus,
946 2395 1056 2492 quod
1081 2395 1129 2494 ad
1150 2395 1298 2507 vipium
1323 2391 1568 2467 terrestrium
1591 2389 1678 2462 cul-

201 2508 291 2602 tum
313 2542 354 2604 et
375 2555 483 2610 sacra
508 2531 663 2613 inferna
683 2540 926 2637 pertinebat,
961 2541 1136 2618 fontium
1159 2543 1302 2619 vicinia
1327 2556 1365 2618 et
1387 2539 1680 2617 communione

203 2675 351 2776 aliqua,
384 2696 431 2756 ut
456 2688 642 2784 superius
669 2685 867 2777 vidimus,
901 2711 1034 2766 carere
1063 2685 1292 2789 non‘posse
1320 2687 1540 2764 videbatur.
1595 2685 1680 2760 Hoc

203 2839 337 2905 autem
361 2837 478 2931 quale
503 2838 650 2914 Thebis
676 2839 799 2917 fuisse
826 2843 1024 2931 dicamus,
1053 2865 1139 2929 non
1160 2853 1219 2915 est
1238 2840 1346 2940 quod
1369 2838 1485 2935 longe
1508 2835 1680 2910 circum-

205 2973 440 3072 spiciamus,
466 2987 687 3087 siquidem
710 2991 828 3067 draco
851 2991 935 3081 ille,
962 3015 1044 3089 quo
1063 3001 1201 3064 necato
1221 2988 1397 3062 Cadmus
1417 2968 1681 3060 fundamenta

204 3125 332 3221 gentis
362 3131 573 3211 Thebanae
603 3136 740 3236 jecisse
770 3140 1013 3229 tradebatur,
1048 3139 1097 3214 ad
1124 3137 1253 3235 ipsam
1281 3135 1428 3210 Dircen
1458 3130 1682 3208 fabulosam

206 3275 341 3350 sedem
364 3275 505 3354 habuit
532 3283 615 3379 ll¹);
643 3309 765 3384 quem
789 3284 871 3385 quo
894 3285 1042 3385 majore
1060 3284 1148 3383 jure
1165 3284 1261 3358 huic
1279 3295 1437 3358 nostrae
1455 3283 1680 3384 quaestioni

203 3427 585 3453 Ἣ

275 3502 340 3568 η0)
363 3508 482 3574 ΑροΠοιί.
501 3512 544 3562 lll.
564 3513 589 3564 b
607 3513 640 3564 5:
671 3511 720 3580 τήν
745 3515 774 3567 δὲ
793 3512 897 3582 Δίρκην
917 3510 1049 3580 δήσαντες
1067 3505 1098 3560 ἐκ
1115 3505 1219 3573 ταύρου
1239 3501 1386 3558 θανοῦσαν
1403 3501 1546 3570 ῥίπτουσιν
1561 3501 1600 3561 εἰς
1617 3501 1682 3570 κρή-

209 3607 257 3656 ”W
272 3609 321 3660 ‘²7⁹
338 3593 386 3648 αἱ
403 3596 506 3669 dmm
523 3605 698 3673 καλουμένην
715 3606 825 3676 Δίρκην.
863 3607 902 3658 De
919 3609 987 3657 fonte
1005 3605 1045 3654 vel
1062 3602 1140 3655 llario
1157 3603 1265 3652 Dircaeo
1282 3603 1313 3652 cl.
1333 3601 1368 3667 Sp
1360 3600 1466 3650 unbem
1485 3601 1519 3650 ad
1537 3596 1637 3650 Gallina.
1651 3597 1683 3647 ll.

204 3682 231 3729 iu
200 3684 304 3770 net
324 3689 393 3740 uro
412 3698 437 3741 ct
456 3695 514 3764 Ung
496 3698 550 3746 ‹rcri
569 3713 635 3763 spec.
655 3697 766 3748 Thebon.
785 3717 811 3765 p.
826 3699 860 3749 Μ
871 3715 927 3764 sqq
1253 3705 1256 3722 ¹

276 3779 337 3850 ΗΙ)
362 3785 450 3855 Eurip·
469 3790 563 3841 Phoco.
587 3809 609 3841 v.
624 3787 681 3844 361
696 3809 809 3860 ιςινμ-
833 3793 902 3863 llygi
895 3809 951 3842 runs
975 3791 1038 3842 Fab
1058 3790 1091 3838 Vl
1115 3789 1256 3839 Castalium
1279 3789 1373 3837 fontem
1396 3784 1522 3851 appellat,
1548 3783 1685 3834 manifesto

206 3889 306 3934 errore,
330 3878 375 3926 scd
401 3882 444 3945 qui
463 3882 653 3936 similitudinem
670 3891 738 3936 certe
756 3903 812 3934 curn
831 3885 947 3952 Pythone
965 3883 1103 3950 Delphico,
1132 3899 1207 3949 quam
1225 3882 1341 3948 proximo
1358 3881 1528 3948 attingemus,
1553 3875 1686 3928 luculente

207 4080 222 4109 ιι
240 4063 357 4127 Neptuno
377 4068 494 4117 emissam
512 4070 550 4117 uit
568 4071 658 4120 Acsch.
678 4071 746 4140 Sept.
765 4089 788 4124 v.
799 4072 869 4132 291,
889 4074 976 4124 cadem
995 4075 1096 4124 Arionis
1116 4073 1174 4140 cqui
1191 4087 1269 4123 cansa
1287 4075 1357 4129 crat;
1382 4071 1414 4119 cl.
1430 4063 1542 4138 nobili).
