3674 4636
208 565 273 646 Ol.
294 569 577 654 milvus
610 566 807 648 Periclem
839 581 1052 647 mortuum
1073 585 1162 648 ¹esse
1186 581 1360 662 constat,
1394 594 1520 671 quem
1545 571 1688 674 ipsum

207 719 284 798 sub
316 719 461 820 Oedipi
493 740 665 820 persona
698 715 910 816 exagitasse
946 713 1065 792 nobis
1099 714 1316 815 Sophocles
1351 716 1520 794 videtur.
1580 719 1688 800 ldim

206 869 305 950 haec
321 867 487 948 sortasse
508 866 690 946 accident
708 865 868 954 multis,
894 863 965 964 qiu
981 865 1385 947 necsimilitudinem
1402 867 1509 945 inter
1524 883 1684 948 utrum-

204 1044 309 1122 que,
325 1041 417 1094 ‘nec
447 1038 586 1094 causas
616 1012 876 1116 perspiciant,
909 1014 1059 1114 quibus
1089 1015 1206 1114 poeta
1237 1016 1289 1094 ad
1313 1030 1464 1096 tantam
1489 1019 1681 1100 invidiam

206 1164 546 1271 praestantissimo
571 1163 647 1242 civi
673 1159 897 1242 faciendam
923 1159 1066 1240 adduci
1091 1161 1286 1260 potuerim
1319 1161 1434 1240 facile
1459 1180 1596 1246 tamen
1616 1168 1682 1248 in·

207 1316 390 1418 telligetis
419 1287 526 1394 inter
548 1313 831 1406 Athenienses,
864 1337 968 1414 quae
993 1337 1136 1390 eorum
1162 1314 1391 1414 superstitio
1416 1312 1494 1394 fuit
1512 1317 1585 1414 ⁸2),
1619 1343 1682 1398 ex·

208 1467 346 1546 sistere
366 1466 563 1567 potuisse,
589 1468 659 1568 qui
686 1466 800 1548 nulla
817 1464 901 1544 alia
925 1465 976 1542 de
999 1484 1118 1542 causa
1142 1463 1410 1563 pestilentiam
1436 1465 1514 1543 sibi
1538 1467 1684 1548 divini·

207 1629 274 1694 tus
291 1615 516 1732 immissam
535 1614 758 1708 crederent,
785 1637 910 1714 quam
929 1613 1024 1716 quia
1041 1615 1183 1694 Pericli
1202 1641 1406 1695 summam
1424 1617 1482 1693 rei
1499 1616 1684 1717 publicae

208 1765 566 1866 administrandam
588 1762 859 1853 tradidissent,
883 1763 954 1862 qui
977 1765 1069 1841 licet
1086 1789 1171 1842 non
1188 1790 1264 1842 suo
1281 1766 1408 1865 ipsius
1425 1780 1466 1845 at
1480 1766 1684 1866 majorum

208 1916 379 1994 crimine
396 1914 472 1994 diis
488 1913 642 1990 invisus
661 1913 900 2013 piaculoque
917 1913 1131 1992 obstrictus
1148 1936 1234 1990 esse
1249 1914 1451 1992 videretur
1467 1912 1531 2012 ε45).
1575 1914 1687 2010 Quid

209 2062 320 2162 quod
344 2063 387 2138 id
411 2062 549 2160 ipsum
573 2060 653 2151 illi,
680 2059 914 2158 Thucydide
938 2072 1054 2150 teste,
1080 2060 1156 2135 sub
1181 2059 1346 2136 initium
1370 2061 1466 2136 belli
1485 2061 1685 2163 Pelopon·

210 2213 358 2291 nesiaci
383 2211 685 2291 Lacedaemonii
711 2211 872 2311 publice
897 2208 1203 2306 exprobrarunt,
1228 2232 1276 2285 eo
1300 2209 1388 2309 ipso
1407 2213 1602 2304 consilio,
1635 2230 1688 2292 ut

209 2360 403 2439 invidiam
417 2360 452 2438 ei
468 2360 576 2460 apud
586 2357 785 2460 poprdum
800 2355 1038 2450 conflarent,
1059 2359 1173 2458 quasi
1186 2356 1371 2436 infaustis
1383 2359 1468 2458 ejus
1485 2361 1687 2442 natalibus

210 2509 334 2611 hujus
359 2511 453 2588 belli
484 2509 722 2589 calamitates
754 2533 801 2586 ex
832 2523 943 2610 parte
976 2507 1148 2586 debituri
1176 2521 1309 2584 essent
1329 2507 1405 2604 ὅ*);
1445 2511 1555 2587 unde
1577 2509 1686 2594 illud

210 2687 373 2767 qnoque
393 2662 638 2764 colligimus,
664 2662 697 2738 si
719 2662 789 2762 qui
808 2662 918 2739 idem
938 2657 1044 2732 inter
1066 2654 1329 2732 Athenienses
1349 2654 1457 2755 ipsos
1478 2654 1686 2755 jactarent,

209 2840 296 2895 non
318 2817 367 2892 de
389 2815 504 2916 plebe
526 2789 712 2892 homines
734 2809 877 2905 fuisse,
902 2810 971 2890 sed
989 2810 1060 2908 qui
1075 2807 1484 2896 Lacedaemoniorum
1500 2809 1684 2908 partibus

212 2985 371 3063 semper
385 2959 574 3052 faverent,
597 2959 823 3059 optimates,
849 2983 951 3059 quos
970 2973 1288 3038 consentaneum
1305 2973 1387 3038 erat
1400 2960 1556 3039 nullam
1572 2985 1684 3043 occa·

213 3114 370 3192 sionem
392 3107 720 3212 praetermittere,
747 3130 827 3210 qua
847 3110 896 3188 ad
913 3108 1212 3186 deturbandum
1229 3108 1499 3188 adversarium
1515 3111 1575 3186 uti
1591 3133 1683 3211 pos·

212 3277 312 3342 sent
362 3266 502 3362 Neque
534 3262 619 3360 ipse
652 3258 822 3336 Pericles
856 3259 988 3361 aliqua
1025 3262 1155 3362 specie
1192 3262 1362 3338 deorum
1400 3263 1683 3342 contemtionis

214 3409 383 3500 carebat,
409 3406 621 3509 multoque
652 3408 791 3486 minus
822 3407 1004 3489 coelestia
1035 3409 1188 3488 monita
1221 3410 1399 3500 curabat,
1426 3431 1555 3510 ,quam
1586 3433 1620 3487 v.
1648 3433 1682 3488 c.

281 3695 327 3766 ss)
344 3697 384 3752 cs
401 3698 499 3751 aena
517 3699 576 3750 vu.
594 3697 662 3752 ms.
674 3698 705 3752 v.
723 3697 758 3753 aa
774 3704 800 3754 e
815 3697 906 3752 uns.
924 3700 949 3751 a.
966 3696 1062 3769 prees.
1080 3695 1269 3750 sessanum.
1287 3695 1309 3764 5.
1323 3695 1390 3758 na,
1407 3713 1432 3748 n.
1443 3695 1471 3748 s.

213 3801 217 3806 '
281 3814 329 3885 ss)
345 3812 476 3885 arram,
502 3817 534 3868 s.
552 3787 667 3885 noya
684 3816 704 3867 r.
724 3815 792 3879 ran
816 3815 928 3869 rusv.
945 3815 1037 3870 rese
1056 3814 1142 3876 ess,
1164 3816 1196 3867 ae
1213 3831 1269 3868 sm
1285 3815 1360 3868 uun
1378 3816 1447 3868 vua.
1466 3813 1527 3870 er.
1611 3865 1614 3892 ξ

280 3932 329 4003 tl)
353 3932 382 3994 b
399 3949 436 3987 es
466 3931 606 4001 διαβολήν
628 3930 715 3990 οἴσειν
736 3928 810 4002 αὐτῷ
827 3933 898 4004 πρός
915 3931 964 4003 τήν
979 3929 1080 3998 πόλιν,
1106 3925 1145 3992 sic
1161 3927 1210 3986 καὶ
1228 3929 1276 3986 aas
1292 3927 1342 3998 niv
1358 3927 1464 3986 ἐκείνου
1482 3926 1633 4000 ξυμφοράν
1649 3929 1682 3984 10·

212 4025 298 4096 μέρος
314 4023 392 4080 ierac
408 4022 424 4082 o·
442 4022 576 4093 πόλεμος.
