3684 4624
779 432 1089 532 ..120-

198 654 320 730 semel
344 654 513 730 deorum
538 655 619 732 irae
643 655 856 754 placandae
876 657 1060 733 destinati
1082 673 1121 734 et
1143 660 1271 735 devoti
1294 659 1464 750 fuerint,
1497 663 1616 738 etiarn
1643 666 1677 738 si

196 814 348 878 mutata
378 825 516 878 rerum
551 803 782 880 conditione
813 801 985 881 extrema
1014 775 1092 882 fata
1125 807 1519 908 effirgerintsuaque
1547 811 1675 886 salute

196 953 320 1030 simul
343 955 462 1029 etiam
494 954 745 1052 reliquorum
775 957 903 1031 metui
932 955 1057 1032 finem
1080 957 1366 1055 imposuerint,
1400 958 1509 1054 ipsos
1539 971 1672 1031 tamen

196 1113 388 1198 tanquam
412 1101 629 1200 piaculares
653 1105 868 1205 multiplici
891 1103 1117 1178 infortunio
1143 1105 1271 1178 vexari
1299 1117 1338 1178 et
1359 1104 1472 1202 quasi
1493 1105 1577 1202 ipsa
1600 1129 1673 1182 sua

195 1249 274 1326 vita
296 1272 359 1326 eas
383 1250 537 1327 labores
561 1265 599 1327 et
620 1254 799 1331 miserias
824 1253 1050 1342 exhaurire,
1080 1253 1227 1351 quibus
1248 1275 1268 1327 a
1290 1253 1416 1349 patria
1435 1252 1672 1328 amoliendis

196 1407 310 1472 antea
330 1398 435 1472 mori
457 1397 708 1489 debuissent,
736 1424 779 1475 ac
801 1401 833 1475 si
855 1397 1123 1475 nihilominus
1142 1397 1344 1472 Theseum
1364 1421 1437 1472 nec
1454 1399 1673 1474 Furiarum

193 1544 471 1640 persecutione
486 1545 704 1621 conflictari
719 1542 851 1644 ne'que
866 1544 1037 1618 omnino
1052 1555 1202 1617 tantam
1213 1541 1415 1618 malorum
1429 1541 1673 1618 atrocitatem

195 1689 361 1787 experiri
388 1691 575 1789 legimus,
602 1706 794 1790 quantam
818 1693 974 1791 Oedipo
996 1706 1107 1766 vetus
1131 1690 1234 1768 sama
1257 1659 1416 1781 tribuit,
1443 1715 1487 1767 ea
1508 1705 1670 1767 tantum

195 1855 312 1912 causa
344 1859 428 1911 esse
455 1851 602 1935 potest,
636 1840 746 1938 quod
777 1839 886 1913 illius
920 1837 1053 1916 fabula
1082 1853 1164 1916 tam
1194 1852 1369 1927 mature,
1410 1853 1459 1913 ut
1490 1840 1669 1931 videtur,

194 2007 289 2059 cum
316 1983 614 2082 Apollinaribus
645 1985 765 2060 sacris
796 1966 963 2075 coaluit,
997 1999 1044 2060 ut
1071 2008 1235 2060 omnem
1265 1985 1415 2061 horum
1440 1984 1670 2061 humanita-

193 2144 277 2206 tem
296 2145 335 2207 et
352 2135 461 2208 velut
477 2137 782 2235 temperantiam
799 2137 843 2209 in
862 2160 903 2210 se
921 2136 1112 2234 reciperet
1123 2134 1213 2229 ¹⁶9),
1241 2135 1384 2232 Oedipi
1403 2157 1495 2210 vero
1512 2157 1668 2208 memo·

194 2278 271 2367 ria,
306 2280 486 2376 quamvis
512 2282 699 2380 mitigatis
726 2283 775 2358 ad
800 2282 1095 2382 Apollinarium
1122 2283 1350 2382 exemplum
1377 2283 1538 2371 ritibus,
1570 2307 1667 2358 cum

193 2430 443 2502 terrestrium
470 2453 628 2529 semper
650 2432 871 2507 numinum
894 2429 1006 2507 cultu
1023 2431 1316 2530 horrendisque
1332 2430 1556 2506 inferorum
1573 2430 1667 2506 reli·

193 2574 380 2674 gionibus
405 2576 618 2674 conjuncta
642 2576 729 2655 fuit
779 2583 828 2658 Id
850 2583 958 2660 enim
984 2585 1017 2658 si
1041 2583 1140 2681 quid
1161 2582 1271 2659 aliud
1293 2595 1396 2658 recte
1418 2608 1551 2681 nuper
1568 2603 1666 2682 pro·

191 2723 368 2822 positum
404 2727 685 2827 amplectimur
720 2731 935 2808 discrimen
968 2732 1074 2808 inter
1111 2732 1356 2806 ceremonias
1393 2731 1589 2807 hilasticas
1628 2743 1667 2804 et

192 2870 421 2950 catharticas
441 2875 530 2971 ¹⁷⁰),
557 2900 730 2976 quarum
752 2879 892 2956 alteras
913 2879 962 2954 ad
986 2879 1220 2977 placandam
1246 2879 1414 2954 deorum
1440 2879 1541 2954 iram
1569 2899 1665 2977 qua·

194 3037 354 3115 cunque
380 3021 428 3096 de
460 3045 577 3100 causa
603 3023 881 3111 metuendam,
918 3024 1056 3100 alteras
1082 3025 1131 3100 ad
1158 3023 1302 3098 scelera
1326 3023 1459 3122 potius
1486 3023 1666 3100 humana

193 3171 445 3266 expurganda
472 3161 670 3272 pertinere
702 3173 855 3248 clarum
890 3184 964 3268 est,
1005 3185 1053 3244 ut
1081 3169 1278 3270 posterius
1307 3192 1434 3267 genus
1464 3168 1513 3243 ad
1539 3166 1663 3268 Apol·

191 3313 318 3390 linem
335 3319 591 3418 potissimum
609 3319 848 3408 reseramus,
872 3320 982 3395 unde
1000 3319 1169 3395 omnino
1186 3341 1331 3395 novam
1350 3318 1521 3417 speciem
1541 3323 1660 3394 Grae·

160 3485 163 3492 ·
193 3486 336 3540 corum
359 3465 569 3565 religiones
592 3445 961 3571 accepisse'constat
978 3469 1063 3567 ¹⁷¹),
1083 3470 1230 3570 prioris
1256 3484 1390 3548 autem
1417 3469 1659 3546 ceremonias

259 3699 325 3767 169)
350 3704 389 3755 Cf.
405 3705 506 3758 llliiller.
524 3709 585 3760 Dor.
604 3709 634 3760 Τ.
647 3709 675 3769 l,
693 3726 719 3776 p.
731 3707 788 3761 159
800 3725 855 3776 sqq.

259 3794 326 3861 110)
351 3798 390 3849 ct.
407 3800 507 3852 Miller.
525 3803 559 3852 ad
576 3801 694 3870 Aeschyl.
714 3804 819 3856 Eumen.
837 3819 863 3870 p.
877 3803 931 3855 att
943 3819 980 3869 sq.

258 3896 321 3962 171)
345 3898 384 3950 cf.
402 3903 466 3968 sup(
477 3907 528 3952 not.
542 3903 596 3956 tat)
613 3909 638 3955 et
656 3903 781 3975 thtling.
800 3905 833 3954 ad
851 3903 954 3956 Hesiod.
970 3920 996 3971 p.
1012 3903 1113 3954 xxnt=
1138 3901 1186 3953 aed
1199 3907 1292 3972 promea
1309 3899 1392 3951 tribus
1408 3897 1449 3950 bis
1466 3901 1596 3951 artabus
1612 3901 1660 3953 nd·

183 3985 255 4058 jacta
278 3998 317 4040 ert
334 4000 443 4060 qtmrta,
468 3991 542 4063 eujus
557 3996 679 4064 princeps
696 4004 735 4046 est
751 3995 862 4066 Apollo,
887 4015 934 4048 rex
950 4011 1007 4046 vere
1024 3994 1122 4046 ethim
1137 4002 1163 4046 et
1180 4001 1210 4044 art
1227 3993 1265 4043 ita
1283 3992 1368 4044 alicam
1386 3999 1557 4058 acrymuetea,
1582 4009 1660 4063 quma

189 4077 315 4148 «luppiter
331 4083 455 4151 uniquus
472 4081 569 4134 tentet
584 4086 706 4154 temporis
722 4103 770 4138 rex
787 4103 841 4139 esee
856 4087 977 4140 videatur
993 4091 1057 4160 cte·¹
1075 4127 1078 4132 .
1477 4106 1480 4114 '
