3674 4636
808 403 1092 492 ..42-

213 631 519 698 monument
575 615 627 694 At
655 617 778 717 captis
804 639 827 694 a
851 619 1178 697 Lacedaemoniis
1201 621 1370 698 Athenis
1398 623 1693 706 Thebanorum

212 772 387 850 ratioms
402 783 546 872 sponte
563 793 636 849 sua
651 771 801 848 mutari
819 777 1137 848 consentaneum
1155 783 1254 857 erat,
1278 770 1503 870 imperium
1521 773 1570 848 ab
1588 777 1695 874 opti-

211 921 387 1001 matibus
417 921 469 996 ad
497 918 699 1020 populum
731 921 935 996 transiisse
959 943 1084 996 nemo
1112 943 1299 1020 unquam
1324 920 1462 997 docuit
1485 921 1557 1016 ¹⁸),
1589 949 1694 1022 quo-

210 1093 292 1172 que
312 1067 453 1145 animo
469 1068 589 1143 etiam
606 1066 729 1166 paulo
745 1080 839 1144 ante
857 1067 1038 1143 Thebani
1055 1068 1101 1142 in
1116 1067 1381 1144 Athenienses
1401 1069 1570 1159 luerint,
1594 1071 1692 1148 inde

210 1229 335 1318 patet,
370 1215 480 1316 quod
505 1241 636 1316 quum
660 1215 706 1290 in
731 1191 936 1292 sociorum
962 1216 1130 1293 consilio
1156 1217 1206 1295 de
1231 1219 1531 1296 conditionibus
1558 1243 1689 1322 agere·

211 1381 296 1460 tur,
322 1385 421 1468 quas
441 1367 552 1444 victis
574 1368 785 1467 imponere
806 1368 995 1467 placeret,
1024 1368 1205 1446 Thebani
1226 1369 1411 1447 funditus
1436 1374 1689 1451 evertendam

209 1523 355 1600 urbem
386 1537 633 1600 censuerunt
659 1521 729 1620 19);
769 1547 894 1624 qtram
926 1522 1018 1600 licet
1041 1520 1240 1619 posterius
1266 1522 1539 1596 excusaverint
1562 1523 1688 1598 unius

208 1660 370 1752 tantum
398 1671 598 1761 hominis,
638 1693 724 1745 non
761 1670 930 1745 civitatis
956 1669 1206 1745 'sententiam
1240 1666 1386 1757 fuisse,
1425 1671 1687 1747 Athenienses

209 1837 362 1914 tamen,
398 1820 469 1922 qui
503 1843 599 1896 cum
631 1819 818 1894 universa
850 1819 1004 1894 civitate
1035 1815 1190 1894 bellum
1218 1801 1425 1919 gerebant,
1458 1823 1687 1901 inimicitias

209 1995 301 2054 sune
334 1973 534 2070 deponere
568 1991 653 2045 non
684 1981 868 2065 poterant
899 1980 989 2044 ante
1021 1988 1145 2067 quam
1178 1966 1289 2046 factis
1315 1985 1491 2047 mutatos
1518 1972 1686 2050 illorum

208 2123 367 2202 animos
384 2118 545 2220 publice
561 2117 710 2218 experti
728 2130 878 2208 essent3
900 2141 1033 2216 neque
1051 2115 1238 2193 Boeckhii
1257 2117 1527 2218 conjecturam
1545 2141 1685 2221 quam·

207 2273 269 2353 vis
288 2269 419 2348 multo
436 2265 750 2366 ingeniosiorem
767 2265 1006 2364 probamus,
1033 2267 1103 2365 qui
1120 2267 1212 2342 ideo
1229 2268 1374 2346 civitati
1393 2270 1685 2347 Thebanorum

207 2421 368 2524 poetam
391 2437 552 2516 parcere
576 2411 762 2510 conjecit,
788 2411 882 2510 quia
905 2412 990 2520 ipsa
1011 2411 1079 2491 illa
1101 2427 1240 2507 aetate,
1265 2441 1347 2526 ιριιο
1366 2414 1542 2495 fabulam
1559 2417 1683 2516 scrip-

207 2583 289 2652 tam
316 2591 401 2646 esse
426 2565 580 2655 statuit,
606 2558 820 2638 factionem
846 2560 1023 2661 aliquam
1050 2569 1114 2643 sui
1141 2569 1364 2648 studiosam
1387 2570 1537 2646 Thebis
1561 2569 1683 2645 Athe.

205 2726 366 2801 nienscs
388 2719 620 2798 habuerunt
636 2713 708 2810 ³⁰);
734 2710 950 2811 Sophocles
969 2715 1078 2790 enim
1096 2716 1145 2792 de
1164 2717 1365 2794 Thebanis
1382 2719 1426 2794 in
1445 2720 1683 2797 universum

207 2873 407 2974 loquitur,
440 2891 618 2971 quorum
650 2863 846 2942 hostilitas
878 2864 1064 2940 adversus
1090 2862 1353 2940 Athenienses
1382 2878 1474 2964 post
1502 2886 1685 2965 pugnam·

207 3019 316 3124 apud
341 3018 505 3096 Delium
539 3039 587 3093 eo
617 3038 748 3115 usque
781 3026 1043 3114 processerat,
1076 3027 1124 3090 ut
1147 3028 1329 3092 mortuos
1356 3035 1519 3117 quoque
1543 3015 1683 3094 tollere

208 3203 596 3228 W

207 3313 291 3376 ιτδδιι·
313 3310 404 3368 διιτδνοι
426 3305 601 3378 lumem,
628 3302 689 3362 citt·
710 3301 788 3367 εἷς’
768 3305 837 3374 οινήρ
855 3304 944 3374 οἶτον,
963 3292 1004 3364 ὃς
1022 3300 1103 3369 ἕτυχο
1120 3299 1211 3356 τδτο’
1197 3322 1228 3358 ον
1243 3305 1303 3365 τοῖς
1321 3303 1485 3390 συμμάχοις
1500 3305 1680 3375 subriperes

209 3401 254 3460 ὅτι
277 3405 306 3458 di
329 3399 507 3471 ιτοιρονιάλουν
529 3392 607 3466 ἡμάς
632 3415 659 3450 οι
654 3395 905 3464 Λοιιιοδοιιμόνιοι
927 3395 973 3451 ἐστὶ
996 3395 1044 3451 τὸν
1062 3377 1203 3465 Πειραιοῖ)
1230 3396 1292 3448 τότε
1314 3391 1413 3450 άιτοισοι
1435 3393 1453 3466 ἡ
1472 3397 1554 3460 πόλις
1572 3396 1681 3464 άοτοψη

208 3495 310 3568 pltare
328 3494 366 3564 μδ
384 3488 574 3561 συστρατεύειν
591 3484 696 3550 αὐτοῖς.

275 3602 321 3672 18)
340 3601 379 3656 Gt.
396 3597 529 3652 lobrbueh
546 3599 571 3650 tl.
588 3595 684 3669 griecb.
702 3594 890 3648 snsoattertt.
907 3595 929 3664 5.
942 3594 1073 3664 tomo
1090 3603 1116 3648 et
1132 3596 1156 3664 ᾗ.
1170 3595 1239 3660 180,
1256 3615 1281 3649 n.
1295 3597 1327 3652 ll
1340 3615 1395 3666 sqq.

277 3713 324 3783 to)
341 3710 457 3782 Xenoplt.
473 3709 573 3762 Hellen.
590 3709 622 3760 11.
638 3708 663 3760 2
682 3706 726 3760 tu.

274 3821 325 3890 30)
350 3819 467 3888 Tbueyd.
485 3817 528 3870 tv.
544 3817 596 3870 ⁷62
627 3814 664 3886 τῷ
687 3817 741 3887 γάρ
758 3813 937 3886 Ἰοτιτοιιράτοι
959 3814 1007 3868 nal
1030 3811 1122 3884 ἐκείνῳ
1146 3814 1181 3868 τά
1199 3814 1329 3869 Βοιάτιοι
1352 3815 1505 3884 πράγματα
1522 3813 1580 3868 άιτδ
1598 3814 1683 3872 τινῶν

207 3913 315 3986 άνδράν
337 3910 367 3968 δν
390 3917 452 3974 τοῖς
475 3910 588 3966 πόλισιν
613 3910 764 3981 expetam
789 3911 971 3979 βουλομδνονν
992 3907 1162 3978 μοτοιστῆσοιι
1185 3910 1234 3964 rtis
1255 3910 1363 3977 κόσμον
1377 3912 1425 3963 καὶ
1443 3908 1474 3972 ic
1491 3910 1684 3982 δημοκρατίαν

208 4001 295 4076 elem
322 4003 350 4060 οδ
367 3999 512 4075 Ἀθηναῖοι
533 4003 649 4071 τρέψαι,
675 4005 724 4056 sci
749 4002 932 4071 Πτοιοδώρου
955 4003 1078 4069 μάλιστα
1102 4001 1205 4072 άνδρός
1228 4003 1359 4073 φυγάδος
1380 4001 1411 4056 διο
1438 4000 1543 4071 Θηβῶν
1566 4002 1683 4074 διηγου-

206 4099 293 4166 niveo
311 4095 376 4150 τάδο
394 4091 490 4158 sirete
507 4093 737 4163 οιαροοιιουάσσιρι
761 4098 793 4148 ct.
812 4097 910 4149 Strern
926 4097 954 4148 in
971 4097 1053 4148 Abhh.
1072 4099 1098 4148 tl.
1115 4097 1184 4150 lieri.
1202 4095 1283 4149 Aba.
1301 4087 1384 4160 test,
1404 4115 1430 4166 p.
1440 4097 1486 4151 ἥ.
1512 4125 1519 4140 ·
1536 4094 1540 4098 “
