3674 4636
811 405 1069 492 .-8..

205 625 392 704 domest
410 620 481 723 ll),
502 623 631 723 cujus
655 617 940 720 tirsusingula.
954 616 1137 708 membra
1153 615 1375 717 integritati
1401 636 1497 702 suae
1511 617 1681 696 restitui

205 782 426 872 nequeant,
461 792 623 848 summa
647 781 790 858 tamenv
808 764 967 846 fabulae
988 779 1196 863 momenta
1221 780 1303 844 tam
1334 764 1439 844 clare
1470 779 1680 876 apparent,¹
1733 772 1738 786 '

146 939 149 946 ·
205 932 253 998 ut
284 920 498 1016 utriusque
529 913 683 1014 ingenii
708 913 911 994 diversitas
939 910 1053 992 sacile
1081 913 1176 990 iude
1206 913 1384 1014 intelligi·
1399 915 1527 1014 possit
1548 939 1682 1018 neque

205 1066 344 1146 miuus
370 1065 424 1139 in.
440 1063 518 1138 hoc
544 1077 783 1164 argumento
812 1065 1039 1154 tractando,
1071 1086 1195 1164 qrram
1224 1063 1270 1140 in
1294 1062 1459 1164 reliquis
1483 1061 1679 1143 fereom·

207 1212 350 1302 nibus,
376 1209 573 1314 Sophocle
599 1211 720 1313 louge
744 1210 913 1289 inferior
936 1215 1147 1314 Euripides
1172 1211 1412 1290 inveniatur.

308 1365 398 1458 Qua
424 1362 468 1438 in
494 1388 544 1438 re¹
561 1363 666 1441 illud
691 1365 880 1451 omnium
911 1365 1093 1466 primum
1119 1385 1195 1439 nos
1220 1362 1403 1454 advertit,
1439 1360 1549 1462 quod
1574 1360 1683 1460 apud

207 1512 444 1614 Euripidem
467 1512 558 1608 nou
577 1514 661 1591 suis
683 1515 769 1615 ipse
792 1514 982 1594 manibus
1006 1513 1148 1592 oculos'
1167 1511 1244 1589 sibi
1266 1511 1438 1601 eruisse,
1463 1509 1533 1588 sed
1558 1510 1683 1588 aLaii

207 1662 370 1744 famulis
383 1677 613 1743 excaecatus
632 1690 716 1742 esse
734 1667 915 1766 Oedipus
934 1663 1154 1758 serebatur3
1178 1687 1260 1764 quo
1277 1661 1445 1740 artificio
1462 1661 1597 1738 omnis
1615 1659 1686 1739 illa

208 1816 347 1915 magni
380 1810 576 1914 fortisque
608 1814 733 1891 animi
764 1816 917 1914 imago,
952 1842 1032 1918 qua
1061 1817 1129 1892 ille
1154 1814 1262 1917 apud
1287 1813 1528 1915 Sophoclem
1553 1812 1614 1892 vel
1638 1813 1685 1887 iu

208 1971 297 2071 ipso
330 1965 515 2044 fortunae
549 1969 781 2048 discrimine
814 1969 1057 2069 conspicuus
1091 1976 1168 2052 est,
1199 1961 1345 2039 misere
1375 1961 1528 2062 peribat
1552 1983 1686 2061 neque

210 2114 718 2216 admirationemamplius
745 2140 840 2192 cum
864 2117 1032 2193 horrore
1056 2117 1243 2206 mixtam,
1276 2105 1353 2191 sed
1372 2110 1687 2224 commiseratio-

210 2289 307 2344 nem
339 2278 498 2344 tantum
529 2289 690 2344 movere
722 2267 1008 2366 spectatoribus
1033 2275 1187 2367 poterat
1211 2261 1275 2356 ¹⁸).
1332 2259 1459 2336 Testis
1486 2270 1545 2334 est
1569 2256 1688 2332 Scho

212 2391 324 2490 liasta
355 2413 406 2489 ad
436 2415 574 2513 Eurip.
606 2413 843 2494 Phoenissae
876 2444 911 2496 v.
935 2423 1004 2490 61:
1048 2416 1092 2492 tv·
1123 2410 1166 2489 di
1196 2410 1253 2512 τῴ
1288 2407 1465 2488 Οἰδίποδι
1496 2409 1535 2486 oi
1560 2405 1688 2487 Artos>

215 2557 458 2662 depalatorlcec
481 2547 719 2663 ’ἐτύφλωόαν
742 2560 883 2640 αὐτόν·

285 2905 330 2973 ¹⁷)
348 2903 503 2975 Fragmenta
518 2908 576 2974 ipss
594 2905 730 2979 diligenter
747 2907 852 2980 collegit
861 2908 927 2980 Aug.
936 2903 1060 2959 Matthiae
1075 2905 1103 2956 io
1119 2905 1239 2959 editionis
1256 2919 1317 2960 sote
1334 2902 1392 2958 vu.
1402 2903 1455 2969 tx,
1473 2922 1499 2975 p.
1509 2905 1608 2961 155-
1620 2905 1690 2962 23⁸,

216 2999 284 3050 unde
306 3014 336 3049 es
359 3003 458 3050 botruo
480 3001 634 3068 repetimus,
660 3017 725 3069 quse
746 3003 781 3053 sd
804 3002 887 3070 ipsius
910 2987 1013 3054 sabulos
1031 2997 1167 3052 uotiuum
1184 3001 1389 3072 cognoscendum
1404 2998 1503 3066 aliquid
1520 2997 1691 3052 contribuant

216 3091 288 3143 Bous
304 3107 366 3158 pars
383 3094 466 3155 enim,
482 3100 512 3144 ut
521 3094 654 3162 Euripidis
670 3112 727 3147 mos
745 3101 797 3158 cst,
815 3098 843 3147 iu
861 3097 926 3148 locis
941 3089 1117 3146 communibus
1134 3097 1268 3153 versatur,
1286 3092 1330 3160 qui
1346 3092 1382 3142 ad
1399 3092 1596 3158 unumquodque
1612 3107 1691 3162 orgu-

216 3189 330 3236 meatum
346 3186 443 3253 pariter
460 3189 625 3249 coureuimt;
642 3203 724 3255 oeque
741 3186 794 3238 olio
809 3204 887 3240 eausa
903 3187 974 3239 illius
990 3203 1080 3240 versos
1097 3191 1179 3250 esset,
1197 3203 1273 3255 qoem
1289 3203 1306 3236 a
1323 3185 1466 3238 Scholiasta
1481 3185 1605 3254 adsoplr.
1615 3185 1691 3238 Elec·

216 3285 285 3332 tram
306 3299 330 3334 v.
348 3279 400 3332 188
423 3281 532 3350 aliisque
550 3284 723 3354 grammaticis
740 3301 771 3336 ee
788 3283 1025 3356 paroemiograplsis
1047 3287 1175 3334 serratum
1197 3287 1223 3333 et
1240 3283 1359 3356 Euripidi
1377 3287 1404 3334 et
1418 3281 1520 3350 Oedipo
1537 3280 1592 3350 cius
1610 3297 1693 3351 nuper

217 3378 348 3430 vindicare
364 3382 470 3430 conatus
486 3384 525 3432 est
540 3379 605 3431 Rois.
623 3380 689 3450 Aug.
701 3379 819 3449 Ungerus
835 3380 863 3432 ia
880 3378 993 3431 Thebas„
1010 3393 1060 3429 rer.
1075 3393 1142 3443 spec.
1159 3371 1218 3426 llsl.
1231 3373 1308 3426 1855
1325 3371 1357 3437 8,
1373 3389 1400 3442 p.
1411 3369 1463 3424 tt:

598 3467 700 3540 oiseleria
722 3468 815 3534 κακῶς
837 3471 1011 3542 πράσσοντος
1033 3465 1158 3522 innodas
1180 3465 1274 3536 pilus

220 3577 295 3630 qoem
313 3563 362 3614 etsi
371 3563 503 3632 Euripidis
520 3580 574 3616 esso
590 3567 689 3616 constet
706 3591 741 3604 -
758 3563 803 3614 alii
814 3563 953 3616 llenaudro
970 3563 1088 3617 tribuum
1104 3591 1138 3604 -
1154 3568 1241 3617 tameo
1257 3579 1309 3616 ooo
1325 3561 1400 3617 rideo
1418 3578 1464 3616 cor
1482 3578 1534 3614 non
1550 3567 1580 3613 ut
1596 3561 1695 3614 similes

219 3653 260 3706 illi
283 3657 353 3724 epod
368 3655 487 3710 Valcken.
504 3660 538 3711 sd
557 3657 642 3709 Sclrol.
658 3655 752 3710 Plroen.
776 3673 800 3709 v.
819 3653 879 3708 406
902 3658 936 3708 sd
959 3676 1135 3730 quemcunque
1158 3657 1237 3710 alim
1258 3657 1372 3712 fabulam
1394 3677 1426 3711 ex
1448 3649 1611 3728 deperditis,'
1628 3673 1695 3726 goso

221 3747 393 3816 περιπέτειαν
410 3755 436 3801 et
452 3751 561 3822 insignis
575 3752 692 3804 fortunae
709 3755 933 3807 commutationem
951 3754 1068 3817 haberet,
1087 3753 1177 3806 solers-i
1192 3753 1276 3823 possit
1407 3745 1410 3750 ’
1613 3743 1615 3750 ’

291 3889 336 3956 18)
359 3892 498 3964 Eleganter
519 3893 568 3948 lsoc
591 3897 722 3964 expotevit
743 3857 820 3950 etiam
844 3898 879 3950 0.
896 3898 925 3949 F.
951 3897 1081 3967 Gruppius
1104 3898 1132 3949 in
1157 3897 1226 3950 lilsrs
1248 3913 1324 3967 qoem
1346 3898 1478 3967 inscripsit
1499 3895 1626 3958 Ariadne,
1651 3893 1695 3947 slie

222 3983 351 4056 lngisclre
366 3983 451 4039 limet
468 3987 495 4038 io
511 3985 582 4040 ilrrer
597 3987 809 4062 lintwiokelong,
827 3987 896 4042 Berl.
909 3989 988 4046 lost.
1003 3989 1035 4054 8,
1053 4009 1080 4060 p.
1091 3987 1154 4045 589.
